2940 4566
1185 162 1236 241 bi

639 253 829 312 -4-

175 405 266 467 nibus
288 404 432 486 partibus
461 404 564 486 possit
592 405 734 470 concedi.
780 406 833 488 Ac
860 407 1060 466 demonstrat
1083 405 1291 485 Brugmanus,

174 509 311 594 primam
334 506 469 568 [ormam
492 505 588 567 fuisse
610 504 664 570 Ἦ·
680 502 733 590 Je—
747 504 885 592 Ρόργ-ει,
907 507 981 568 inde
1003 505 1122 568 factum
1145 526 1215 567 esse
1237 501 1290 589 Ῡή-

175 603 338 691 ε-όργ-ει,
360 608 434 668 inde
458 602 579 691 ἠόργει,
597 609 670 670 inde
693 607 809 693 ἐώργει
833 608 880 686 (cs.
904 603 1052 687 iuitrret);
1076 628 1174 686 quum
1197 608 1293 687 igitur

175 709 260 770 nullo
285 711 384 770 modo
407 705 522 793 ἐώργει
545 731 564 770 a
586 729 727 773 consona
750 711 879 792 spiranti
902 711 1038 789 incipere
1056 710 1166 789 possit,
1189 710 1293 790 suspi-

175 820 263 873 catur
287 811 496 890 Brugmanus
519 832 578 891 pro
602 812 723 893 vulgari
747 806 855 895 ἄνδρα
878 807 973 894 ἔώγει
995 811 1198 872 scribendum
1221 831 1293 872 esse

174 907 269 995 ἄνδρ’
294 907 417 997 ᾗόργει.
464 912 515 974 De
537 934 600 992 qua
622 916 802 976 coniectura
824 913 898 993 quid
925 932 1111 974 censeamus
1134 911 1212 973 infra
1235 934 1290 974 ex-

173 1014 377 1096 plicabimus;
399 1014 538 1094 primum
561 1015 646 1075 enim
669 1017 709 1076 de
732 1016 832 1077 altero
854 1014 926 1075 loco
949 1019 966 1092 ξ
985 1016 1047 1093 289
1074 1016 1290 1093 quaerendum

174 1124 230 1177 est.
275 1116 387 1194 Atque
409 1116 558 1176 traditum
581 1116 745 1177 codicibus
769 1124 817 1177 est
839 1110 910 1179 κάκ’
937 1109 1143 1198 ἀνθρώπους
1165 1111 1292 1199 ἐώργει.

175 1218 272 1300 Quod
296 1237 393 1296 quum
417 1237 473 1296 per
497 1225 634 1278 metrum
661 1219 737 1298 poni
766 1239 830 1279 non
853 1217 967 1298 possit,
999 1214 1047 1279 alii
1070 1217 1160 1279 aliter
1183 1226 1292 1279 nostra

174 1328 279 1382 aetate
309 1320 479 1380 emendare
507 1319 613 1380 locum
640 1322 745 1382 conati
772 1329 852 1381 sunt.
898 1318 1015 1380 Scribit
1042 1319 1205 1381 Bekkerus
1234 1314 1290 1384 ἇν-

174 1418 339 1504 θρώιιονς
362 1421 390 1485 εἰ
404 1416 532 1505 Ρώργει,
551 1423 608 1482 sed
626 1442 786 1500 nunquam
800 1421 896 1483 talem
912 1420 1048 1483 [ormam
1067 1419 1170 1495 fuisse,
1191 1443 1232 1482 ex
1251 1443 1291 1482 eo

173 1526 261 1604 quod
280 1545 375 1605 supra
394 1523 578 1605 expositum
597 1532 645 1585 est
663 1532 803 1604 apparet.
836 1523 883 1584 La
901 1523 1042 1584 Rochius
1061 1522 1148 1597 nulla
1166 1525 1290 1585 adiutus

172 1626 320 1688 codicum
335 1626 523 1687 auctoritate
533 1625 677 1686 dativum
691 1624 781 1706 ponit
797 1619 1032 1707 ἀνθρώποισιν
1049 1621 1172 1708 ἐώργει.
1193 1625 1289 1707 Quod

174 1726 317 1789 defendit
344 1728 374 1787 in
403 1727 485 1788 libro
516 1747 575 1788 suo
602 1727 824 1801 „homerische
847 1725 1001 1789 Studien“
1028 1748 1058 1808 p.
1083 1745 1152 1804 241,
1183 1748 1292 1807 quum,

173 1829 274 1891 allatis
294 1828 449 1909 exemplis
468 1828 499 1900 Ξ
510 1828 567 1890 261
588 1851 606 1892 ο
623 1828 685 1907 360
704 1852 724 1891 υ
742 1845 803 1907 314
821 1828 888 1889 aliis
907 1848 1035 1907 quoque
1053 1829 1130 1889 locis
1150 1802 1305 1889 dativum¹

174 1952 246 1992 curn
273 1931 336 1992 hoc
362 1931 462 1992 verbo
492 1931 640 2012 coniungi
669 1933 890 1992 demonstrare
918 1939 1057 1992 conetur.
1102 1931 1155 1992 Ex
1178 1931 1291 2010 quibus

174 2035 290 2111 0360:
1240 2111 1242 2114 y

174 2125 212 2209 ὅς
234 2157 285 2208 τις
311 2133 421 2218 ἐμοίγε
452 2130 579 2199 ἐνθάδε
613 2130 782 2198 ναιετάων
810 2134 908 2214 φίλος
936 2133 985 2216 εἴη
1014 2135 1068 2197 καὶ
1095 2136 1174 2214 φίλοι
1202 2133 1291 2218 ἕρδοι

173 2237 302 2298 minime
331 2236 393 2297 huc
420 2235 624 2297 referendum
647 2245 725 2308 erat,
754 2236 840 2314 quod
865 2236 989 2296 dativus
1012 2236 1085 2318 ἐμοί
1107 2238 1225 2316 pendet
1249 2258 1291 2298 ex

174 2339 270 2418 φίλος
293 2335 351 2418 εἴη.
398 2335 530 2417 Optime
562 2336 692 2415 quidem
723 2337 858 2415 quadrat
880 2360 900 2399 u
920 2351 981 2412 314
1000 2330 1069 2399 ἀλλ)
1095 2330 1152 2414 ἄγε
1174 2339 1291 2422 μηκέτι.

172 2463 229 2522 μοι
248 2436 333 2502 κακὰ
353 2435 463 2522 ῥέζετε
480 2437 726 2521 δυσμενέοντες,
746 2458 842 2517 quern
860 2457 987 2499 versum
1008 2439 1099 2500 eiecit
1117 2439 1292 2503 Bekkerus.

175 2540 240 2604 Sed
264 2542 352 2624 quod
377 2564 397 2603 n
414 2558 475 2619 314
498 2542 623 2602 dativus
646 2542 769 2622 positus
801 2550 862 2614 est,
889 2541 962 2602 ideo
986 2550 1017 2603 et
1044 2546 1061 2619 ξ
1080 2543 1142 2621 289
1164 2552 1212 2604 est
1234 2564 1290 2624 po·

174 2644 314 2704 nendus?
343 2643 530 2722 praesertim
558 2662 656 2721 quum
679 2642 780 2704 multo
803 2643 928 2723 saepius
951 2644 1148 2706 accusativus
1170 2645 1293 2706 adhoc

173 2745 308 2806 verbum
335 2745 471 2805 accedat
498 2752 533 2804 ut
559 2747 592 2808 Γ
603 2761 659 2822 351
685 2747 717 2807 Ε
734 2747 802 2822 175.
846 2744 950 2805 Immo
977 2747 1191 2807 accusativum
1219 2747 1291 2806 reti-

172 2848 314 2908 nendum
346 2865 417 2907 esse
448 2845 534 2906 hisce
562 2847 603 2906 de
632 2846 750 2906 caussis
777 2854 942 2926 putamus:
977 2848 1004 2925 1)
1027 2848 1115 2925 quod
1142 2848 1292 2908 omnibus

173 2948 317 3010 firmatur
339 2947 517 3024 codicibus;
553 2949 581 3025 2)
605 2949 692 3026 quod
716 2948 840 3009 dativus
867 2948 916 3009 bis
946 2956 1069 3009 tantum
1091 2948 1164 3009 huic
1190 2949 1293 3010 verbo

174 3049 301 3110 additus
318 3057 375 3127 est,
394 3047 579 3128 saepissime
597 3049 810 3123 accusativus3
834 3051 861 3127 3)
881 3050 968 3128 quod
984 3069 1096 3111 caussa
1113 3050 1168 3110 vix
1182 3059 1291 3131 potest

174 3151 312 3224 inveniri,
328 3170 390 3223 cur,
409 3151 434 3210 si
451 3159 573 3211 rectum
592 3158 677 3211 esset
696 3144 939 3232 ἀνθρώποισιν,
950 3150 1029 3212 haec
1047 3149 1150 3213 forma
1168 3152 1290 3231 optime

174 3254 333 3332 quadrans
365 3254 396 3312 in
428 3260 564 3313 metrum
596 3254 712 3314 reiecta
739 3255 780 3313 sit
807 3252 969 3313 codicibus
999 3254 1178 3334 scriptaque
1200 3263 1291 3314 extet

174 3374 256 3433 quae
284 3361 386 3414 metro
412 3352 463 3414 vel
491 3362 655 3433 repugnet.
700 3353 772 3414 Huc
795 3355 929 3428 accedit,
961 3356 1048 3433 quod
1071 3356 1290 3432 posteriore

127 3509 130 3515 .
173 3465 320 3536 tempore
340 3456 464 3517 dativus
488 3454 585 3534 vulgo
600 3455 852 3535 coniungebatur
867 3475 939 3516 cum
959 3455 1058 3517 verbo
1080 3451 1183 3536 ἐ’ρδώ,
1197 3453 1291 3540 ,ῥέζοι

174 3556 212 3618 cf.
228 3555 361 3618 Kuhner
375 3555 428 3617 Gr.
443 3555 488 3616 11²
505 3558 585 3635 277).
618 3555 731 3636 Neque
754 3558 855 3636 igitur,
878 3566 913 3618 ut
935 3555 1009 3618 fecit
1026 3556 1235 3635 Brugmanus‚
1259 3567 1290 3619 et

174 3652 410 3742 ἀνθρώποισιν
440 3653 556 3742 ἐώργει
585 3678 643 3739 per
674 3679 709 3720 se
738 3667 861 3720 rectum
893 3678 963 3720 esse
989 3657 1035 3720 La
1060 3658 1185 3720 Rochio
1216 3679 1289 3720 con-

174 3762 329 3834 cedimus,
357 3761 415 3820 sed
438 3759 533 3820 aliam
557 3761 747 3822 emendandi
764 3759 825 3821 loci
848 3760 1089 3838 ingrediendam
1112 3781 1183 3822 esse
1206 3763 1292 3821 viam

173 3869 331 3942 putamus
377 3859 485 3941 Quare
503 3881 601 3939 quum
621 3857 759 3945 εἰώργει,
781 3863 867 3941 quod
884 3862 993 3922 scribit
1011 3861 1183 3937 Bekkerus,
1204 3861 1293 3922 nulio
