2940 4566
269 639 305 704 C.
328 638 528 721 perfecta
560 659 731 718 quorum
762 642 884 702 notio
920 625 1086 704 incerta
1117 652 1189 709 est.

259 775 325 837 Iam
348 794 444 855 supra
474 775 621 848 vidimus,
651 777 816 840 notionem
847 778 1037 839 intensivam
1064 777 1196 858 perfecti
1218 798 1290 840 cum

173 879 320 942 iterativa
342 879 469 958 saepius
492 878 536 938 ita
555 896 627 939 esse
642 879 853 956 coniunctam,
872 887 907 939 ut
925 878 976 941 vel
995 881 1027 941 in
1049 901 1126 942 uno
1147 880 1292 961 perfecto

171 990 307 1060 utraque
329 981 418 1041 notio
440 987 602 1054 cernatur;
633 979 720 1042 velut
742 977 897 1054 κεναπαδς
925 983 1072 1065 iterativa
1094 986 1226 1047 notione
1247 986 1292 1044 in·-

172 1084 286 1146 dutum
310 1091 359 1144 est
381 1099 400 1145 σ
419 1097 456 1159 33
463 1094 489 1160 5
513 1083 670 1144 intensiva
692 1085 728 1145 N
739 1083 789 1155 60,
813 1077 991 1166 πεπληγώς
1012 1084 1158 1146 iterativa
1181 1089 1216 1149 X
1228 1100 1290 1165 497

170 1190 203 1250 B
225 1185 295 1261 264,
326 1185 483 1245 intensiva
514 1207 534 1246 κ
558 1185 758 1261 23811456.
806 1183 929 1265 Quibus
961 1185 1108 1247 addimus
1139 1185 1289 1267 perfecta,

171 1305 308 1366 quorum
330 1293 436 1346 utrum
459 1286 614 1346 intensiva
636 1304 677 1346 an
707 1286 852 1348 iterativa
875 1288 964 1347 notio
990 1290 1120 1368 propria
1142 1288 1192 1365 sit,
1223 1307 1291 1349 om·

172 1391 248 1450 nino
270 1407 334 1448 non
356 1394 563 1468 perspectum
585 1385 770 1449 habeamus

300 1483 501 1570 βεβρυχώς

300 1594 336 1654 Ν
355 1607 414 1670 393
438 1589 555 1671 (κεῖτο)
577 1586 747 1674 βεβρυχώς
768 1586 884 1667 κόνιος
907 1590 1127 1680 δεδραγμένος
1219 1590 1222 1596 ’

172 1724 214 1745 =
232 1695 268 1757 11
285 1694 356 1768 486.
381 1692 518 1752 stridens
541 1690 702 1764 dentibus;
724 1693 875 1771 primaria
897 1694 989 1753 radix
1013 1702 1062 1755 est
1083 1696 1145 1777 βορ
1161 1724 1203 1746 --·
1218 1715 1289 1756 vor-

172 1817 227 1859 are
250 1794 347 1873 (Curt.
370 1793 496 1872 Ε1γ111.3
517 1795 567 1854 62.
588 1791 795 1873 Siegismund
818 1792 904 1856 Curt.
928 1797 1010 1856 stud.
1034 1796 1066 1857 V
1088 1817 1117 1877 p.
1143 1797 1221 1876 181).

302 1896 475 1981 μέμαμεν

300 2002 320 2061 Ι
340 1999 397 2075 641
420 1997 625 2080 -μέμαμεν
648 1996 685 2060 δέ
706 2020 760 2061 τοι
783 1994 899 2079 έξοχον
922 1991 1034 2061 ἄλλων

172 2098 326 2187 κήδιστοι
349 2095 380 2162 τ’
405 2097 550 2183 έμμεναι.
574 2097 666 2161 simil.
692 2103 718 2163 Ο
744 2112 811 2177 165.

303 2205 330 2267 Θ
345 2219 405 2280 413
422 2205 469 2286 πῆ
485 2201 649 2284 μέματον;
668 2224 701 2264 τι
711 2204 821 2281 σφῶιν
839 2201 890 2266 ἐνὶ
904 2201 999 2285 φρεσὶ
1016 2202 1171 2285 μαίνεται
1188 2192 1273 2286 ἦτορ
1278 2227 1290 2280 ;

442 2313 501 2368 etc.
563 2323 566 2327 ·

257 2407 304 2470 Ut
327 2408 523 2479 diiudicetur,
545 2413 651 2466 utrum
674 2406 764 2467 notio
786 2404 918 2486 perfecti
941 2408 982 2467 sit
1003 2406 1160 2468 intensiva
1175 2427 1215 2468 an
1233 2408 1290 2468 ite-

147 2510 285 2593 ⁸nativa,
315 2508 537 2588 perspicienda
567 2508 704 2587 primum
735 2507 865 2586 propria
896 2507 1086 2588 significatio
1119 2507 1208 2570 verbi
1230 2517 1288 2571 est.
1404 2549 1407 2557 -

172 2609 266 2692 Quae
289 2617 420 2671 nonest
442 2611 473 2670 111
495 2616 656 2688 promptu.
693 2605 838 2669 Coniecit
858 2609 989 2687 quidem
1009 2607 1134 2671 Curtius
1159 2609 1292 2688 (Ε1γ111.3

171 2732 203 2793 p.
231 2717 302 2792 292)
333 2713 462 2792 proprie
493 2708 673 2788 significare
705 2708 767 2770 hoc
794 2709 929 2771 verbum
960 2719 1133 2773 attrectare
1164 2709 1289 2790 aliquid,

171 2834 255 2895 quae
272 2815 360 2874 notio
379 2821 411 2875 et
429 2814 461 2873 in
478 2811 691 2894 έπιμαίεσθαι
701 2812 742 2873 ab
752 2811 867 2874 eadem
886 2812 993 2874 radice
1011 2814 1157 2875 derivato
1171 2820 1289 2893 pateat.

173 2915 489 2994 Concedendumque
519 2922 576 2988 est,
606 2915 778 2976 commode
808 2935 850 2977 ex
879 2915 939 2976 hac
961 2917 1092 2978 notione
1114 2935 1177 2991 eas,
1209 2936 1291 2996 quae

164 3020 214 3082 »ad
243 3022 383 3081 animum
414 3019 608 3099 pertineant,
640 3036 790 3079 emanare
820 3019 978 3098 potuisse,
1015 3017 1175 3099 plerisque
1205 3020 1290 3099 apud

172 3121 352 3183 Homerum
375 3120 453 3181 locis
476 3128 599 3181 motum
630 3119 790 3198 quendam
813 3120 908 3181 animi
939 3119 1001 3181 1166
1023 3122 1124 3183 verbo
1147 3121 1291 3202 exprimi.

173 3221 239 3285 Sed
263 3230 323 3299 est,·
344 3222 397 3282 ubi
420 3230 454 3282 ut
477 3219 612 3305 ἔσσυμαι
634 3223 676 3283 de
697 3220 863 3283 celerrimo
887 3231 976 3284 motu
1004 3223 1147 3303 corporis
1170 3224 1291 3284 dictum

173 3327 213 3387 sit
236 3333 270 3386 ut
295 3328 322 3388 Θ
349 3325 422 3386 118;

301 3431 362 3490 τοῦ
387 3420 417 3489 δ
443 3423 522 3500 ἰθὺς
542 3429 717 3510 μεμαῶτος
739 3420 895 3490 ακόντιαε
922 3426 1043 3502 Τυδέος
1064 3421 1139 3501 ὑιός

174 3529 261 3609 quod
285 3536 334 3590 est
356 3529 606 3608 comparandum
630 3548 702 3588 cum
725 3529 761 3591 Π
782 3528 855 3606 585:

303 3655 349 3706 ως
371 3629 449 3705 ἰθὺς
472 3629 609 3694 Λυκίων
631 3627 841 3713 Πατρόκλεες
863 3626 1086 3694 ιααοκέλενδε

368 3729 482 3796 έασνα
505 3731 561 3795 καὶ
584 3727 709 3813 Τρώων

174 3833 223 3914 (61.
242 3838 271 3900 Λ
291 3850 350 3914 717
371 3832 546 3917 ἐσσυμένος
563 3833 802 3916 πολεμίζεινΞ
817 3835 849 3896 Ε
866 3848 928 3909 244
944 3835 1098 3916 μεμαῶτε
1106 3828 1290 3916 μαχεσθαι).

260 3936 353 4018 Quae
370 3939 459 3998 notio
482 3937 537 3997 vix
560 3954 603 3998 ex
625 3938 755 3997 notione
777 3937 975 4011 attrectandi,
998 3936 1150 4015 tangendi
1173 3936 1293 3997 deduci

1069 4051 1113 4098 4.
