2940 4566
623 292 834 372 ..37..'

167 470 353 544 usurpatum
384 470 434 524 est
473 470 569 542 atque
598 459 754 536 κεκοπώς
781 466 818 526 Ν
844 463 894 524 60.
948 462 1023 544 Quo
1054 464 1199 545 perfecto
1239 467 1288 526 vis

165 573 278 638 tactuS,
301 584 365 644 quo
389 556 533 626 facillime
555 562 678 624 formae
699 562 865 624 hominum
888 572 1057 639 mutentur,
1084 565 1288 646 significatur.

165 667 370 728 —Formae
392 685 474 746 quae
501 664 752 745 reduplicatione
774 685 839 726 non
861 666 1035 728 instructae
1057 675 1145 741 sunt,
1172 688 1286 731 unum

165 768 264 829 ictum
283 766 374 829 alicui
392 766 514 830 illatum
532 786 604 828 esse
622 765 802 847 significant
819 774 854 829 ut
871 769 902 832 B
912 775 989 847 265:
1009 769 1147 830 minatur
1163 767 1287 844 Ulixes,

164 890 200 930 se
222 868 404 930 Thersitem
427 865 614 930 verberibus
628 867 815 930 abactumm
839 887 911 930 esse
933 869 975 930 de
992 871 1156 944 concione,
1180 872 1287 932 minis·

165 991 227 1050 que
249 971 314 1032 suis
337 978 372 1032 ut
393 970 586 1050 gravitatem
613 970 774 1048 quandam
798 970 907 1048 addat,
937 990 1000 1031 uno
1033 971 1097 1033 ictu
1120 992 1192 1034 eum
1214 992 1286 1053 per-

164 1073 251 1133 cutit.
296 1059 343 1146 οἷς
369 1063 423 1154 ἄρ’
453 1067 515 1154 ἔφη
543 1066 702 1153 σκήπτρῳ
730 1070 766 1134 δὲ
792 1067 1005 1154 μετάφρενον
1038 1066 1097 1156 ἠδὲ
1128 1072 1184 1136 καὶ
1203 1066 1286 1157 ὤμου

163 1174 288 1256 πλῆξεν
312 1173 411 1252 (quod
434 1173 552 1234 iamin
575 1171 704 1234 scholiis
728 1181 814 1234 recte
832 1172 1130 1252 observatumest.)

290 1304 518 1389 πεφυζότες

294 1412 324 1472 Φ
346 1410 430 1491 6τῄ
452 1404 485 1493 ῥ’
512 1405 581 1492 οἵγε
603 1409 790 1492 προχέοντο
812 1407 999 1491 πεφυζότες

369 1517 438 1590 528.
466 1523 534 1590 532.
558 1515 594 1576 X
616 1528 626 1571 1
654 1541 696 1561 =
718 1511 982 1592 trepidissime
1005 1510 1171 1592 fugientes

290 1658 505 1731 τετρηχυῖα

290 1753 326 1815 Η
345 1750 407 1828 346
430 1743 567 1832 (ἀγορή)
592 1746 686 1829 δεινή
708 1760 884 1831 τετρηχυῖα

289 1847 438 1936 τετρήχει
460 1853 491 1913 Β
511 1861 549 1929 95
575 1884 617 1896 -
639 1846 672 1914 οἱ
694 1844 726 1913 δ’
753 1843 926 1932 ἀγέροντο,

288 1947 440 2036 τετρήχει
463 1944 493 2014 δ’
519 1944 634 2035 ἀγορή,
657 1947 724 2015 ὑπὸ
748 1949 786 2014 δὲ
809 1951 1020 2032 στεναχίζετο
1043 1962 1129 2034 γαῖα.

246 2087 330 2149 Huic
348 2087 449 2149 verbo
465 2088 601 2149 eandem
625 2087 765 2148 radicem
789 2087 968 2148 subiectam
991 2107 1062 2149 esse
1088 2094 1186 2168 atque
1208 2087 1283 2151 sub·

75 2205 78 2209 ·
159 2188 301 2250 stantivo
323 2185 491 2266 θάλασσα,
522 2189 699 2250 rectissime
721 2189 857 2250 coniecit
879 2189 1012 2250 Pottius.
1037 2187 1136 2268 (Curt.
1158 2189 1284 2269 Etym.³

159 2289 244 2369 619).
281 2287 449 2370 Significat
464 2291 560 2369 igitur
578 2290 671 2351 radix
694 2312 767 2374 ταρ,
785 2311 884 2372 τρο-χ
900 2289 950 2370 (cs.
968 2288 1174 2370 Siegismund
1195 2287 1282 2353 Curt.

159 2392 243 2453 stud.
273 2391 305 2453 V
332 2393 402 2471 155)
435 2393 565 2472 proprie
596 2399 722 2453 motum
752 2391 934 2466 fluctuandi,
966 2394 1114 2455 undandi.
1158 2393 1192 2455 A
1218 2413 1283 2473 qua

159 2493 267 2555 radice
288 2492 476 2574 perfectum,
505 2496 593 2573 quod
617 2491 789 2555 formatum
813 2501 863 2555 est
892 2493 1040 2578 τέτρηχα,
1066 2495 1107 2556 ad
1129 2513 1282 2574 praesens

158 2603 284 2675 spectat
306 2603 435 2676 tempus
458 2603 491 2656 et
514 2596 660 2656 iterativa
682 2596 780 2656 utitur
806 2596 946 2657 notione.
991 2594 1090 2657 Certe
1111 2596 1196 2657 enim
1218 2595 1282 2656 hoc

157 2695 303 2776 perfecto
333 2697 418 2758 actio
448 2695 654 2776 significatur,
685 2716 784 2776 „quae
817 2716 881 2758 non
913 2716 976 2758 uno
1000 2698 1091 2776 quasi
1122 2698 1187 2758 ictu
1209 2716 1280 2777 per-

158 2797 272 2871 ficitur,
295 2799 352 2859 sed
374 2798 517 2877 quodam
530 2805 644 2885 tractu
666 2799 818 2860 continuo
842 2799 996 2860 decurrit“
1021 2796 1166 2877 (Lobeck
1188 2797 1279 2860 elem.

156 2898 171 2959 I
193 2899 273 2978 175).
314 2896 388 2979 Quo
407 2898 509 2960 uerbo
528 2903 774 2974 demonstratur,
797 2907 951 2979 quantum
969 2898 1076 2960 valeat
1093 2899 1134 2960 ad
1152 2900 1279 2979 penitus

157 3001 416 3081 perspiciendum
431 3001 758 3081 cognoscendumque
776 3001 957 3062 Homerum
972 3000 1102 3078 eiusque
1117 3000 1279 3079 ingenium

157 3120 235 3162 sana
257 3101 416 3180 quaedam
439 3102 593 3163 enodatio
615 3101 788 3163 nominum.
825 3101 1038 3165 Buttmannus
1061 3101 1146 3162 enirn
1169 3110 1279 3163 censet

158 3201 247 3281 (lexil
267 3201 282 3262 I
299 3223 330 3284 p.
356 3204 428 3282 213)
451 3204 592 3264 nativam
611 3202 778 3264 notionem
797 3203 887 3264 verbi
906 3223 977 3265 esse
999 3202 1170 3278 turbare,
1193 3223 1278 3264 con·

157 3302 328 3379 fundere,
350 3313 419 3368 tum
442 3303 569 3368 efficere
587 3314 621 3367 ut
645 3305 763 3384 aliquid
778 3305 930 3384 iniquum,
953 3324 1103 3385 asperum
1132 3302 1197 3378 fiat,
1221 3303 1278 3365 flu-

156 3413 253 3467 ctuet.
293 3404 360 3469 Sed
384 3426 480 3486 quam
507 3408 601 3468 exilis
618 3407 785 3486 ieiunaque
806 3405 926 3468 locutio
950 3413 1012 3468 est:
1035 3399 1140 3489 ἀγορή
1162 3426 1276 3488 τετρη-

154 3517 232 3587 χυῖα
253 3536 296 3557 --
318 3508 465 3583 „turbata
487 3509 627 3582 concio“,
658 3517 775 3587 quanta
805 3509 836 3570 in
859 3528 897 3570 ea
926 3509 1008 3569 inest
1028 3507 1077 3567 vis
1099 3505 1229 3587 poetica
1250 3507 1277 3567 si

155 3609 322 3671 vertimus:
345 3610 475 3684 „concio
492 3608 675 3684 fluctuans“,
697 3618 732 3671 ut
749 3630 769 3671 a
786 3610 865 3671 mari
883 3608 1121 3671 similitudinem
1140 3608 1275 3688 petitam

155 3729 227 3771 esse
260 3712 370 3772 statim
402 3709 501 3771 oculis
524 3709 720 3772 obversetur.
765 3711 835 3773 Nec
865 3730 930 3771 non
952 3708 1017 3771 aliis
1047 3729 1175 3789 quoque
1196 3707 1275 3770 locis

155 3819 362 3891 comparatur
383 3812 496 3873 concio
519 3831 592 3873 cum
615 3814 694 3874 mari
717 3813 802 3893 apud
821 3811 1010 3885 Homerum,
1033 3811 1184 3889 idemque
1206 3829 1276 3872 ver·

155 3911 233 3973 bum
256 3921 290 3974 et
312 3913 354 3975 de
371 3915 526 3975 concione
549 3922 581 3975 et
604 3914 645 3975 de
668 3915 746 3976 mari
764 3922 945 3995 usurpatur,
967 3920 1001 3974 ut
1016 3921 1138 3975 xtvslv:
1160 3915 1191 3975 B
1216 3926 1275 3987 144
