2940 4566
619 303 827 375 -,·54—

292 459 452 545 ἔοργας

290 568 323 628 Γ
339 557 524 645 57-ἕνεχ’
546 554 627 628 ὄσσα
649 559 766 646 ἐὀργας
826 630 840 647 Ι,

292 662 528 749 λελόγχασι

292 771 311 830 λ
334 754 456 847 304-
470 764 569 852 τιμὴν
593 766 629 831 δὲ
651 763 825 848 λελόγχασι
847 761 901 831 ἶσα
923 772 1055 832 θεοῖσιν

432 869 526 949 (nacti
549 870 633 949 sunt)

295 971 507 1037 λέλοιπεν
1160 1044 1161 1048 ¹

291 1076 322 1139 Α
347 1090 405 1154 235
426 1109 467 1120 ——
486 1072 557 1138 ἐπεὶ
581 1069 621 1157 δὴ
643 1075 764 1156 πρώτα
794 1070 898 1156 τομὴν
921 1071 958 1137 ἐν
990 1066 1100 1156 ὄρεσσι
1128 1071 1283 1136 λέλοιπεν

431 1180 540 1255 §134
564 1191 634 1254 213·

295 1270 450 1342 ὄπωπα
928 1330 931 1334 ,

293 1384 323 1445 Β
344 1394 406 1460 799
429 1373 505 1444 οἰλλ>
532 1371 629 1443 οόποο
651 1375 786 1443 τοιόνδε
808 1375 949 1443 τοσόνδε
971 1375 1052 1442 λαὸν
1077 1370 1203 1441 ὄπωπα

434 1491 491 1545 etc.

294 1585 500 1648 πέπονθα

295 1708 314 1770 ρ
338 1687 399 1763 284
421 1680 575 1771 τολμήεις
591 1707 648 1768 μοι
669 1682 780 1767 θυμὸς
801 1683 873 1749 ἐπεὶ
894 1682 980 1749 κακὰ
994 1680 1102 1749 πολλὰ
1125 1682 1286 1749 πέπονθα

434 1796 492 1850 etc.

296 1893 557 1965 πεπτεῶτας
636 1952 676 1960 ,,

292 2016 313 2075 χ
329 1996 391 2072 384
413 1989 493 2067 τοίς
509 1990 545 2056 δὲ
559 1989 631 2056 ’law
648 1986 736 2073 μάλα
750 1986 880 2066 πάντας
897 1989 935 2056 ἐν
953 1987 1066 2074 αἵματι
1083 1984 1140 2054 καὶ
1156 1990 1289 2074 κονλησι

370 2097 566 2166 πεπτεο”τας
587 2089 734 2168 πολλούς

171 2197 260 2259 notio
276 2197 469 2259 condicionis
489 2216 531 2258 ex
549 2196 678 2258 notione
696 2195 762 2257 veri
779 2192 910 2276 perfecti
928 2195 1060 2276 prodiit:
1083 2193 1194 2268 cecidi;
1212 2213 1288 2255 nam

172 2301 198 2362 si
220 2301 290 2379 quis
321 2299 477 2374 ceciderit,
507 2306 684 2378 prostratus
714 2299 795 2359 iacet
826 2295 874 2374 (cf.
897 2300 934 2360 N
953 2310 1011 2376 205
1035 2295 1136 2360 πέσεν
1166 2293 1210 2359 ἐν
1233 2316 1289 2358 κο-

171 2401 299 2485 νὶησιν).

300 2497 515 2585 πεφεύγοι

302 2607 332 2667 Φ
346 2605 409 2682 609
430 2616 526 2686 μεῖνα
541 2600 578 2668 ’έτ
596 2597 759 2688 ἀλλήλους
776 2603 832 2667 καὶ
848 2599 1015 2686 γνώμεναι
1033 2592 1111 2666 ὅστε
1130 2597 1289 2684 πεφεύγει

301 2729 321 2769 α
347 2721 384 2767 12
406 2702 495 2770 οἲκοι
516 2703 594 2769 ἔσαν
615 2699 764 2788 πόλεμόν
786 2727 823 2768 τε
844 2699 1049 2787 πεφευγότες

300 2805 519 2873 τεθνᾶσιν

300 2913 333 2973 Η
355 2911 415 2988 328
437 2907 558 2972 πολλοὶ
590 2905 652 2991 γὰρ
675 2911 815 2973 τεθνᾶσι
845 2903 930 2992 κάρη
951 2904 1147 2991 κομόωντες
1165 2900 1288 2989 Ἀχαιοί

440 3020 499 3073 etc.
1051 3053 1053 3057 a

300 3118 330 3177 P
347 3125 408 3192 435
434 3107 547 3198 (στήλη
568 3107 624 3179 ἐπὶ
653 3109 780 3197 τύμβῳ)
804 3106 923 3197 ἄνεμος
945 3107 1066 3196 ἓστήκη
1089 3107 1287 3195 τεθνηότος.

259 3213 358 3275 Notio
381 3215 575 3277 condicionis
598 3235 640 3277 ex
662 3216 727 3277 veri
750 3211 880 3295 perfecti
902 3213 1033 3277 notione
1063 3214 1218 3295 prodiisse
1241 3214 1287 3274 vi-

175 3316 275 3380 detur.
320 3305 500 3396 Significat
516 3317 600 3380 enim
631 3316 723 3379 radix
745 3322 815 3381 θαν
846 3317 956 3396 (sanse.
978 3315 1095 3395 dham.)
1125 3317 1300 3396 exspirare,

176 3419 272 3500 (Curt.
295 3419 420 3499 Etym.³
441 3439 470 3500 p.
492 3435 554 3499 497
573 3422 650 3498 seq.)
682 3421 871 3500 saepiusque
898 3439 970 3480 cum
997 3417 1287 3500 praepositionibus

176 3520 212 3586 ἐκ
235 3522 265 3600 (σ
291 3522 360 3600 100)
383 3515 461 3599 ἀπὸ,
484 3518 569 3585 κατὰ
592 3521 660 3582 sine
677 3521 739 3582 ulla
757 3523 932 3583 mutatione
950 3541 1060 3583 sensus
1078 3521 1287 3600 coniungitur.

174 3624 305 3685 Dictum
328 3623 421 3702 igitur
444 3631 493 3685 est
510 3617 678 3696 θανόντες
699 3631 734 3684 ut
751 3620 914 3706 καμόντες
936 3624 979 3702 (Γ
998 3624 1070 3703 278)
1092 3642 1150 3703 per
1171 3621 1288 3703 euphe-

176 3728 326 3789 mismum
350 3722 399 3804 (ci.
424 3723 555 3788 Classen
577 3724 673 3789 beob.
695 3746 725 3807 p.
750 3728 788 3806 58
811 3727 898 3806 ατη),
931 3727 1050 3788 evitato
1072 3725 1202 3806 proprio
1232 3745 1288 3786 vo-

176 3827 292 3891 cabulo
315 3827 479 3890 moriendi.
516 3827 615 3908 Quod
637 3827 663 3888 si
686 3829 729 3889 ita
747 3837 809 3906 est,
831 3826 1008 3909 perfectum
1026 3826 1174 3912 τέθνηκα
1191 3827 1286 3907 signi-

176 3928 250 3992 ficat
272 3929 432 4009 exspiravi
454 3927 473 3989 i.
495 3949 522 3991 e.
546 3937 690 3991 mortuus
712 3949 783 3991 sum
798 3959 839 3980 =
857 3929 907 3991 ich
937 3928 992 3990 bin
1025 3929 1074 3999 ein
1106 3930 1221 4004 todter‚
1253 3936 1287 3990 ut
