2940 4566
630 286 844 351 ..35-

304 440 398 505 όέδο
429 463 472 504 κε

301 547 337 607 Χ
354 556 393 622 95
404 463 582 625 ρ(δρόκοον)
604 545 809 627 σμερδαλέον
832 544 970 627 δέδορκε

303 639 473 728 δεδορκώς
494 667 516 707 τ
537 645 601 721 446
624 679 664 690 -
687 650 756 730 τιῦρ
780 640 989 731 ὀφθαλμοῖσι
1012 648 1039 713 δ.

258 779 401 862 Optimis
424 781 543 843 caussis
566 782 768 845 demonstrat
787 781 925 845 Sonnius
949 783 1060 864 (Kuhn
1083 784 1116 846 Z.
1140 784 1200 846 XII
1224 786 1297 865 351)

171 881 370 964 significasse
392 882 533 944 radicem
556 882 649 944 huius
672 884 760 945 verbi
780 881 880 963 (Curt.
903 884 1033 964 Etym³
1059 887 1129 965 129)
1153 885 1297 963 lucere,

172 987 357 1064 dictamque
388 1004 459 1046 esse
488 984 529 1045 de
555 984 625 1046 sole
653 993 686 1047 et
713 986 754 1047 de
780 1005 822 1059 re,
849 1005 932 1066 quae
954 985 1030 1048 solis
1060 986 1222 1050 simillima
1244 988 1296 1051 sit:

172 1089 215 1149 de
241 1085 334 1148 oculo
364 1085 413 1166 (cs.
445 1087 534 1165 quod
565 1086 646 1147 dixit
679 1085 836 1149 Goethius
867 1106 969 1162 „waer
1002 1088 1090 1150 nicht
1122 1091 1181 1151 das
1213 1108 1297 1170 auge

170 1186 371 1261 sonnenhast‚
410 1188 462 1248 die
497 1207 599 1248 sonne
634 1186 764 1249 koennt’
796 1208 830 1250 es
861 1189 913 1250 nie
944 1189 1144 1269 erblickent).
1197 1191 1297 1254 Valet

171 1288 359 1372 perfectum,
382 1289 415 1349 id
438 1289 526 1368 quod
554 1289 681 1369 saepius
709 1310 767 1350 usu
790 1291 886 1364 venit,
915 1291 1002 1353 idem
1025 1300 1122 1372 atque
1144 1311 1296 1372 praesens

170 1393 267 1455 medii
295 1391 344 1471 (cf.
372 1388 488 1454 δεινὸν
520 1386 716 1474 δερκόμενοι
742 1395 775 1455 Γ
799 1408 859 1470 342
883 1420 926 1443 ==
948 1392 1150 1475 σμερδαλέον
1179 1394 1214 1458 δὲ
1245 1392 1296 1458 δέ·

169 1495 293 1579 δορκεν
315 1498 351 1559 X
368 1495 430 1573 95).

256 1612 364 1694 Quum
403 1633 481 1674 vero
513 1611 633 1673 aoristo
663 1609 808 1695 έδρακον
841 1613 873 1692 (κ
907 1613 977 1691 197)
1009 1613 1137 1696 additus
1171 1612 1213 1675 sit
1244 1634 1294 1676 ac·

170 1716 330 1778 cusativus
361 1707 501 1787 καπνόν,
533 1714 574 1774 ad
606 1713 695 1774 illum
726 1712 792 1775 sere
820 1715 967 1775 ordinem
997 1712 1086 1792 (inira
1116 1712 1209 1786 nobis
1241 1715 1295 1777 de·

168 1816 386 1894 scribendum)
414 1814 615 1877 referendum
643 1815 771 1875 videtur
798 1814 861 1875 hoc
888 1813 1077 1894 perfectum,
1108 1817 1162 1895 qui
1186 1837 1228 1878 ex
1251 1818 1295 1878 in·

168 1917 342 1981 transitivis
369 1916 569 1979 contineatur
599 1913 751 1995 perfectis
778 1914 929 1977 derivatis
959 1935 978 1976 a
1004 1913 1124 1990 verbis,
1158 1936 1295 1996 quorum

167 2019 349 2100 praesentia
371 2017 538 2079 transitiva
560 2023 692 2078 utuntur
721 2016 862 2081 notione.
909 2015 1007 2096 Quod
1030 2025 1139 2078 tamen
1161 2017 1224 2079 huc
1246 2027 1294 2079 te·

47 2158 54 2167 -
167 2120 309 2197 tulimus,
332 2119 419 2199 quod
442 2116 581 2198 simplex
600 2136 730 2197 quoque
749 2116 853 2179 forma
870 2119 1008 2199 primum
1027 2118 1225 2181 intransitiva
1247 2120 1292 2180 in-

167 2229 290 2284 structa
312 2221 408 2282 suisse
431 2220 556 2280 videtur
578 2219 710 2281 notione
733 2217 772 2280 cs.
795 2217 827 2291 Ξ
847 2236 901 2296 141
924 2216 982 2283 καὶ
1003 2216 1133 2305 φύζαν
1152 2214 1294 2302 Ἀχαιῶν

167 2321 421 2405 -δερκομένῳ,
440 2328 564 2382 contra:
583 2321 614 2384 Α
632 2322 671 2382 88
692 2313 785 2395 οδτις
803 2321 882 2404 έμεῦ
900 2320 1030 2402 ζῶντος
1051 2321 1107 2384 καὶ
1125 2319 1179 2385 ἐπὶ
1189 2323 1294 2404 χθονὶ

169 2424 396 2507 δερκομένοιο.
447 2421 546 2503 Quod
578 2441 644 2483 non
674 2422 828 2502 explicari
856 2423 940 2483 licet:
971 2443 1042 2497 „me
1071 2424 1102 2483 in
1133 2430 1218 2485 terra
1248 2426 1293 2486 vi-

168 2527 290 2601 dente“‚
317 2525 374 2586 sed
396 2523 478 2585 inest
501 2521 619 2602 aliquid
643 2523 783 2584 notionis
812 2522 938 2584 lucendi
966 2523 996 2583 in
1025 2523 1089 2584 hoc
1110 2525 1293 2606 participio:

168 2625 286 2703 „oculis
309 2626 389 2687 meis
413 2623 618 2686 lucentibus“.
664 2623 741 2686 Vita
765 2624 849 2686 enim
872 2643 946 2685 cum
969 2610 1040 2686 lnce
1062 2625 1220 2688 artissime
1240 2646 1293 2688 co-

167 2726 287 2802 haeret,
317 2735 351 2788 ut
374 2747 412 2788 ea
435 2724 560 2788 sublata
588 2734 620 2787 et
644 2724 697 2786 illa
724 2745 795 2787 esse
823 2726 964 2800 desinat3
992 2734 1025 2787 et
1052 2745 1150 2805 quum
1173 2726 1292 2788 lumina

168 2827 333 2890 oculorum
368 2829 511 2889 extincta
548 2828 618 2901 sint,
644 2826 793 2888 homines
820 2829 929 2888 vivere
955 2828 1018 2889 iam
1050 2828 1221 2889 desierunt·
1241 2827 1290 2908 (cf.

168 2928 254 2991 Curt.
276 2938 375 3010 temp.
398 2951 426 2990 u.
451 2930 537 2989 mod.
560 2948 591 3008 p.
619 2929 686 3007 176.
711 2928 846 2989 Lobeck
868 2929 910 2990 ad
933 2927 1038 2990 Αἰεε.2
1061 2948 1092 3007 p.
1117 2930 1178 3007 79).

252 3047 320 3109 Iam
343 3047 523 3109 iterativam
547 3025 713 3108 nntionem
736 3045 894 3126 praebent
916 3046 996 3108 haec
1018 3044 1174 3126 perfecta:

294 3161 526 3248 κεκαφηότα

294 3270 326 3331 E
345 3267 408 3346 698
431 3302 474 3310 —
494 3267 571 3348 περὶ
595 3266 631 3330 δὲ
653 3264 754 3350 τινοιν)
777 3265 908 3348 Βορέαο

293 3364 411 3452 ζοόχρει
433 3365 652 3432 ἐπιπνείουσα
667 3370 779 3440 κακῶς
796 3362 990 3450 κεκαφηότα
1011 3362 1135 3448 θυμόν.

166 3471 257 3535 simil.
281 3495 296 3536 ε
317 3475 380 3548 468
404 3502 445 3523 --
467 3471 641 3534 anhelitum
665 3481 851 3559 moventem
875 3469 973 3550 (Curt.
996 3469 1120 3549 Etym.³
1146 3469 1225 3547 135).

294 3617 336 3659 κε
393 3614 493 3655 νοτα

293 3696 329 3760 Π
339 3615 410 3774 3429
433 3683 480 3767 ὥς
503 3687 567 3756 ἕλκ’
592 3693 629 3758 ἐκ
653 3692 787 3775 δίφροιο
811 3686 979 3774 κεχηνότα
1002 3688 1098 3769 δουρὶ
1121 3690 1259 3771 φαεινῷ.

294 3804 329 3859 ut
350 3790 546 3879 κεκαφηότα
568 3796 610 3855 de
634 3794 794 3891 morituris
819 3795 940 3855 dictum
963 3800 1020 3854 est.

250 3966 256 3975 ,
294 3911 410 3981 χανεῖν
433 3927 474 3948 =
497 3893 662 3959 dehiscere
685 3897 726 3976 (Z
746 3897 829 3974 282).

1049 3992 1085 4057 3*
