2940 4566
614 305 828 384 „65-

304 551 332 608 1.
350 547 496 626 perfecta
517 565 598 625 quae
620 544 668 605 ad
682 546 835 624 praesens
858 555 978 626 tempus
995 555 1140 624 spectant.

256 681 428 742 Iterativae
450 682 589 741 notionis
612 682 753 760 speciem
782 680 940 761 praebent
972 681 1036 742 duo
1059 684 1202 744 maxime
1225 703 1296 762 per-

173 780 267 844 secta:
292 782 511 866 δεδραγμένος
529 790 562 844 et
583 776 802 865 πεποτήαται.

301 883 580 968 δεδραγμένος

299 990 337 1050 Ν
355 1002 414 1066 393
438 982 605 1068 βεβρυχώς
626 981 742 1061 κόνιος
764 984 988 1069 δεδραγμένος
1010 984 1227 1072 αἱματοέσσης

115 1140 117 1145 ,
173 1119 214 1139 =
232 1090 267 1152 Π
284 1088 348 1165 486
371 1087 495 1168 (doiore
518 1088 687 1167 cruciatus)
711 1109 806 1149 manu
830 1086 1076 1169 apprehendens
1099 1088 1274 1169 pulverem.

299 1187 556 1276 πεποτήαται

300 1296 330 1355 Β
350 1308 392 1371 9ο
416 1291 450 1356 αἳ
467 1292 528 1374 μέν
551 1285 585 1355 τ’
607 1288 695 1355 ἔνθα
713 1282 786 1365 ἅλις
800 1288 1013 1376 πεποτήαται
1036 1290 1070 1355 αἳ
1093 1291 1130 1356 δέ
1151 1315 1188 1356 τε
1211 1291 1296 1357 ἔνθα

419 1392 495 1474 (scil.
517 1393 676 1479 μέλισσαι)

248 1565 251 1569 ,
300 1499 319 1558 λ
342 1511 402 1557 222
424 1494 513 1579 φυγή
534 1489 565 1558 δ’
591 1488 667 1578 ἠύτ’
702 1487 832 1578 ὄνειρος
855 1489 1074 1579 ἀποπταμένη
1099 1493 1296 1580 πεπότηται.

258 1596 331 1658 Ηοε
353 1595 499 1678 perfecto
528 1597 618 1659 notio
650 1597 795 1659 iterativa
826 1598 926 1678 qualis
950 1599 990 1659 sit
1017 1600 1155 1679 perspici
1177 1608 1295 1679 potest.

172 1700 327 1762 Praesens
350 1702 435 1762 enim
459 1700 547 1779 apud
569 1699 749 1761 Homerum
772 1701 814 1760 de
842 1701 954 1761 avibus
986 1701 1027 1779 (B
1047 1703 1110 1777 462
1133 1698 1219 1766 ἐ’νβα
1240 1703 1296 1765 καὶ

172 1800 260 1866 ένθα
282 1807 459 1865 ποτῶνται
482 1795 706 1883 ἀγαλλόμεναι
728 1797 937 1884 πτερύγεσσι)
961 1810 994 1863 et
1016 1803 1296 1884 vespertilionibus

172 1911 212 1990 (co
228 1919 245 1982 7
262 1904 433 1986 τρίζουσαι
450 1902 635 1967 ποτέονται
652 1902 724 1967 ἐπεὶ
741 1901 780 1965 κέ
797 1925 848 1977 τις
863 1897 1060 1986 ἀποπέσησι)
1082 1905 1224 1984 positum
1247 1915 1297 1967 est

171 2004 387 2079 volitantibus
419 2007 524 2066 donec
545 2003 652 2066 iocum
675 2013 786 2084 aptum
819 2006 860 2066 ad
883 2005 1084 2067 insidendum
1107 2008 1297 2083 invenerint;

171 2106 348 2187 perfectum
367 2125 446 2168 vero
465 2106 508 2170 de
524 2104 638 2187 apibus
658 2109 697 2184 (B
713 2108 766 2186 90)
790 2127 873 2186 quae
888 2128 947 2188 pro
966 2128 1023 2170 sua
1041 2118 1152 2171 natura
1168 2129 1296 2190 semper

172 2211 290 2269 circum
322 2207 417 2270 flores
449 2208 592 2283 volitant,
624 2218 656 2270 et
686 2210 727 2270 de
759 2211 864 2270 anima
886 2212 916 2286 (λ
939 2210 1011 2288 222)
1046 2229 1129 2290 quae
1160 2231 1296 2291 corpore

173 2309 284 2371 relicto
299 2329 460 2389 nunquam
480 2311 647 2390 quiescens
665 2331 724 2391 per
743 2331 852 2373 aerem
870 2310 991 2375 volitat.
1024 2312 1174 2393 Apparet
1192 2315 1297 2392 igitur,

173 2414 203 2472 in
226 2410 370 2492 perfecto
393 2415 548 2475 maiorem
573 2433 644 2475 esse
667 2415 861 2493 gravitatem
876 2414 1025 2492 notionis,
1045 2413 1134 2494 quod
1152 2434 1192 2476 eo
1211 2400 1296 2489 actio

172 2536 230 2596 per
252 2514 386 2595 longum
408 2524 538 2597 tempus
560 2518 675 2578 iterata
698 2518 897 2597 exprimitur,
928 2537 1026 2596 quum
1049 2537 1200 2598 praesens
1224 2538 1295 2580 eam

172 2617 329 2696 significet
352 2620 521 2694 actionem,
544 2639 626 2699 quae
648 2617 693 2694 fit,
719 2627 753 2680 ut
776 2620 924 2680 condicio
947 2621 1108 2706 quaedam
1131 2617 1295 2681 efficiatur.

173 2720 264 2781 Aves
287 2718 596 2801 vespertilionesque
618 2740 716 2800 quum
740 2722 780 2783 de
803 2723 868 2783 suis
892 2721 1083 2784 stationibus
1106 2722 1294 2797 excitentur,

131 2826 133 2830 ‘
172 2819 307 2882 volitant
330 2822 529 2900 (ποτῶνται)
552 2831 587 2884 ut
609 2821 687 2884 alias
710 2832 874 2902 quaerant,
908 2842 985 2903 apes
1015 2843 1075 2903 pro
1102 2842 1159 2884 sua
1181 2831 1294 2885 natura

172 2924 291 2982 circum
315 2921 411 2984 flores
433 2921 570 2984 volitant
593 2921 835 3010 (πεποτήαται).

257 3024 375 3085 Nescio
398 3044 439 3085 an
462 3023 523 3087 huc
546 3023 749 3087 referendum
772 3027 814 3087 sit

298 3127 577 3211 πεφοβημένος

299 3232 333 3292 Κ
355 3241 415 3308 510
436 3227 479 3314 μή
503 3230 558 3293 καὶ
576 3229 808 3313 πεφοβημένος
830 3226 932 3311 έλβης

301 3334 331 3394 Φ
355 3332 417 3392 206
439 3327 474 3394 οἵ
495 3325 528 3414 ῥ’
553 3328 603 3395 έτι
625 3327 693 3414 πάρ
711 3330 867 3414 ποταμὸν
888 3328 1084 3414 πεφοβήατο
1108 3329 1274 3415 δινήεντα.

256 3432 381 3494 Eadem
404 3430 470 3494 sere
494 3435 624 3496 notione
648 3435 744 3495 utitur
774 3431 837 3494 hoc
859 3432 1037 3513 perfectum
1068 3443 1166 3513 atque
1187 3457 1291 3514 πεφυ·

172 3528 272 3620 ςδτες,
298 3555 438 3616 namque
460 3536 546 3616 apud
568 3536 747 3598 Homerum
777 3556 939 3616 nunquam
962 3528 1076 3598 timere
1098 3537 1157 3599 sed
1180 3535 1291 3618 sugere

172 3634 353 3715 significare
381 3636 445 3699 hoc
473 3636 622 3716 verbum,
653 3637 839 3700 observavit
872 3638 1079 3700 Aristarchus
1110 3637 1159 3719 (cs.
1187 3637 1290 3702 Lehrs

172 3736 289 3799 Arist.²
311 3759 341 3818 p.
360 3753 398 3818 75
423 3741 532 3820 seqqu).
570 3739 667 3822 Quod
685 3738 864 3820 perfectum
880 3761 899 3801 a
917 3743 1077 3820 praesenti
1097 3742 1153 3801 vix
1172 3741 1291 3817 differt3

171 3837 318 3901 conferas
341 3841 425 3902 enim

302 3946 332 4006 Φ
351 3941 413 4004 206
435 3939 471 4006 οῗ
490 3937 521 4028 ῥ’
546 3941 596 4008 ἐ’τι
617 3943 686 4027 πὰρ
708 3942 865 4029 ποταμὸν
885 3940 1082 4027 πεφοβήατο
1105 3941 1263 4029 δινήεντα

1070 4064 1083 4118 5
