2940 4566
627 244 831 305 -40..

169 398 281 460 scribit
304 396 324 459 δ
331 397 388 472 ίες
409 396 564 476 affertque
586 397 617 457 in
649 397 904 472 ‚,annotatione“:
935 395 1122 481 ,γράφεται
1152 400 1205 462 καὶ
1228 397 1297 473 δίες

170 498 226 562 καὶ
251 489 362 573 οὕτως
393 491 483 580 εἶχον
505 495 539 561 αἱ
569 497 787 581 χαριέστεροι,
819 507 944 562 ceterae
976 499 1079 564 δίον.“
1132 497 1198 562 Sed
1221 499 1295 560 Ari·

169 599 289 662 starchi
311 601 468 662 sententia
499 600 616 662 tradita
638 620 709 662 esse
732 601 857 662 videtur
886 600 1025 663 scholio:
1057 598 1077 685 ἡ
1108 596 1208 686 διπλῆ
1240 593 1296 666 ὅτι

170 699 211 766 τὸ
231 699 336 779 δίον,
355 697 525 785 ἔδιοίχθην
543 700 656 779 (Lehrs
671 701 785 764 Arist²
803 723 834 783 p.
856 704 935 783 149).
972 703 1045 764 Huc
1063 703 1188 764 accedit
1207 705 1295 783 quod

171 802 303 864 omnino
326 802 439 864 melius
455 803 627 865 convenire
649 803 744 865 nobis
762 804 887 866 videtur
910 803 985 868 δίον
1007 824 1080 865 cum
1103 824 1198 866 sensu
1219 804 1295 866 loci:

170 922 256 983 „non
278 903 448 985 trepidabo
479 911 514 965 ut
543 913 638 967 antea
668 905 842 986 trepidavi“
873 904 981 983 (δίον).
1033 905 1148 984 Neque
1169 905 1295 968 activa

174 1004 279 1066 forma
301 1006 444 1079 adeum,
467 1006 521 1086 qui
542 1007 744 1087 persequitur
765 1006 913 1086 aliquem,
935 1006 1072 1087 pertinet
1088 1005 1236 1087 (δίεσθαι
1253 1036 1295 1058 --

171 1106 322 1187 prosequi
344 1110 386 1171 M
404 1108 486 1186 276).
529 1106 675 1188 Apparet
697 1108 805 1187 igitur„
822 1109 964 1169 nativam
986 1107 1150 1169 notionem
1180 1108 1294 1169 radicis
1329 1140 1333 1149 ·

171 1205 205 1270 δι
224 1227 295 1269 esse
313 1205 428 1286 (Curt.³
443 1208 551 1286 Etym.
568 1210 653 1288 221):
674 1208 792 1290 pavide
811 1217 843 1270 et
860 1216 983 1270 temere
999 1207 1105 1288 aliquo
1129 1207 1210 1282 ferri,
1225 1215 1294 1269 tum

172 1309 340 1388 trepidare,
371 1311 625 1384 contremiscere,
659 1319 694 1372 ut
715 1312 741 1371 si
764 1311 890 1372 dativus
913 1309 1049 1386 additur,
1077 1310 1209 1390 propius
1230 1309 1294 1371 iam

170 1410 303 1471 accedat
320 1410 362 1472 ad
376 1409 547 1473 'notionem
565 1410 698 1492 perfecti
721 1410 758 1477 cs.
781 1415 812 1475 Ε
831 1412 892 1490 566
909 1406 986 1493 περὶ
1007 1408 1069 1494 γὰρ
1089 1410 1138 1474 δίε
1160 1410 1294 1494 ποιμένι

169 1513 262 1575 λαῶν
295 1510 384 1573 simil.
406 1516 429 1576 Ι
446 1511 523 1590 433.¹
548 1515 579 1578 Λ
603 1525 674 1592 557,
696 1533 793 1592 quem
815 1514 856 1575 ad
880 1514 1013 1575 modum
1036 1520 1224 1593 usurpatum
1246 1520 1296 1574 est

171 1605 394 1696 ἀμφιτρομεῐν
416 1635 512 1687 τινος
534 1612 554 1675 δ
576 1615 640 1675 820
660 1616 724 1678 τοῦ
746 1608 779 1678 δ’
805 1608 1031 1698 ἀμφιτρομέω
1044 1615 1100 1679 καὶ
1123 1613 1231 1678 δείδια
1252 1611 1296 1700 μή

171 1735 205 1776 τι
226 1708 386 1797 πάδησιν.
423 1712 521 1794 Quod
544 1716 571 1776 si
593 1715 637 1777 ita
659 1724 716 1790 est,
740 1714 848 1780 δείδια
865 1735 975 1796 revera
996 1716 1175 1779 iterativam
1198 1715 1297 1778 habet

172 1815 339 1877 notionem
357 1845 399 1866 =
417 1814 511 1878 valde
544 1818 791 1879 contremiscere
822 1814 911 1896 (ccvii
930 1847 972 1868 =
989 1817 1147 1897 aliquem).
1201 1815 1295 1880 Simi-

171 1915 306 1997 literque
333 1919 454 1980 dictum
485 1927 534 1981 est
559 1914 688 1993 πάντες
705 1941 745 2002 με
767 1920 946 2002 πεφρίκασι
969 1923 1000 1984 Ω
1023 1932 1082 2000 775
1107 1938 1221 1982 omnes
1244 1938 1296 1983 me

170 2015 311 2081 horrent.
356 2016 423 2080 Sed
446 2027 480 2079 ut
502 2018 594 2094 solet,
617 2039 714 2100 quum
737 2020 902 2100 paullatim
925 2022 1064 2101 genuina
1084 2022 1183 2095 notio,
1214 2040 1296 2100 quae

156 2117 353 2198 'pertinebat
375 2121 417 2181 ad
439 2140 560 2195 sensus,
592 2121 694 2202 magis
728 2124 896 2203 magisque
926 2121 1158 2196 obscuraretur,
1190 2121 1296 2186 δείδια

171 2217 336 2300 vulgarem
367 2220 427 2282 sibi
457 2222 558 2284 induit
580 2223 745 2285 notionem
768 2223 909 2296 timendi,
925 2243 1023 2303 quae
1051 2224 1208 2284 intensiva
1230 2220 1296 2284 sere
1347 2255 1361 2278 .

172 2339 241 2383 esse
258 2322 394 2387 videtur.
422 2322 537 2402 Neque
554 2323 699 2406 iterativa
717 2321 820 2385 forma
838 2323 947 2389 δείδια
964 2324 1006 2387 ab
1024 2325 1179 2386 intensiva
1194 2323 1295 2388 δείδω

173 2422 211 2500 (si
233 2431 281 2484 est
309 2423 470 2498 intensiva,
502 2426 590 2504 quod
622 2434 731 2488 censet
759 2424 885 2488 Curtius
912 2426 1038 2506 Etym³
1059 2427 1132 2505 608)
1164 2425 1295 2487 notione

172 2524 279 2589 distat.

256 2625 352 2688 False
367 2626 538 2689 Muellerus
557 2630 688 2708 (syntax
706 2630 736 2690 d.
753 2628 870 2708 griech.
886 2642 982 2709 temp.
1001 2649 1031 2709 p.
1046 2639 1097 2709 24)
1116 2627 1293 2709 perfeetum

173 2725 275 2791 δείδιε
298 2729 407 2790 aoristi
430 2727 661 2809 significatione
678 2730 859 2810 praeditum
878 2749 950 2792 esse
968 2731 1010 2809 (Ω
1030 2731 1103 2810 358)
1122 2731 1293 2792 existimat.

171 2826 232 2889 Est
263 2831 348 2891 enim
378 2829 442 2891 hoc
475 2829 548 2892 loco
581 2829 931 2912 plusquamperfectum
968 2833 1035 2893 sive
1071 2829 1293 2911 imperfectum

172 2927 328 3013 (δείδιον)
351 2939 383 2993 et
405 2932 506 2993 semel
531 2940 657 2993 tantum
678 2931 856 3013 perfectum
884 2941 934 2995 est
960 2931 1009 3011 (cf.
1034 2931 1136 2994 Lehrs
1158 2940 1293 3012 quaestt.

172 3030 251 3110 epic.
272 3033 353 3112 274).
390 3032 504 3113 Neque
519 3034 609 3097 aliter
627 3035 744 3098 iudicat
762 3033 933 3096 Muellerus
956 3035 997 3096 de
1015 3027 1136 3117 ἄνωγε,
1158 3033 1294 3116 γέγωνε,

171 3127 390 3216 ἐπενήνοθεν.

101 3218 106 3233 “
300 3231 437 3319 ἔρριγα

300 3340 330 3400 Ρ
353 3350 408 3417 175
430 3330 473 3402 od
489 3361 544 3404 τοι
558 3337 645 3424 ἐγών
664 3336 776 3423 ἔρριγα
795 3335 903 3423 μάχην
922 3331 1001 3402 οὐδὲ
1028 3334 1159 3402 κτύπον
1177 3334 1293 3401 ἵππιον

440 3449 499 3504 etc.

171 3559 272 3620 quum
302 3561 453 3622 praesens
483 3544 570 3624 apud
600 3543 781 3606 Homerum
803 3563 867 3604 non
898 3550 996 3616 extet,
1027 3541 1205 3622 perfectum
1233 3561 1293 3622 pro

171 3645 332 3724 praesenti
354 3653 540 3725 usurpatum
556 3665 627 3708 esse
649 3646 782 3707 videtur.¹
815 3645 850 3706 In
869 3665 933 3725 quo
954 3643 1048 3725 plane
1064 3644 1177 3705 eadem
1196 3643 1292 3724 signi-

173 3741 280 3806 ficatio
313 3745 416 3827 primo
444 3745 559 3808 obtutu
591 3750 695 3809 inesse
724 3748 849 3808 videtur
879 3756 975 3825 atque
1002 3745 1032 3806 in
1059 3742 1185 3824 reliquis
1211 3753 1292 3806 tem-

171 3846 313 3926 poribus
336 3850 363 3910 si
385 3852 621 3929 comparaveris
651 3868 780 3910 versum
802 3853 832 3913 P
854 3862 910 3927 175
944 3842 1041 3913 οὔτοι
1063 3844 1150 3931 ἔγών
1180 3844 1294 3930 ἔρριγα
