2940 4566
640 316 851 375 ,23-

184 503 255 545 rum
278 504 376 563 quum
399 483 563 544 notionem
585 484 761 562 praesentis
784 503 827 545 ex
849 482 991 563 perlecta
1014 482 1139 544 actione
1158 482 1304 545 derivare

184 588 327 648 studeret
354 583 546 661 ClasseniuS,
568 585 609 645 ad
632 583 763 646 artificia
781 585 911 645 minime
933 582 1101 664 probanda
1121 583 1304 664 confugien-

185 689 263 749 dum
287 687 314 749 ei
337 695 404 749 erat
428 684 611 765 (beobacht.
636 686 735 748 ueber
757 688 787 748 d.
811 685 932 747 homer.
958 684 1162 765 sprachgebr.
1185 705 1216 766 p.
1239 685 1301 764 97).

185 787 265 870 Quis
288 791 372 851 enim
395 797 454 866 est,
481 789 534 867 qui
556 787 674 868 probet
703 788 785 850 hanc
807 787 1056 868 explicationem
1078 784 1301 867 perlectorum,

183 911 266 971 quae
287 890 418 952 notione
440 889 633 952 vociferandi
654 889 807 952 instructa
829 898 917 951 sunt:
940 887 1007 962 „ich
1027 888 1204 963 vermuthe,
1226 889 1302 950 dass

182 995 214 1054 in
236 992 319 1054 allen
337 991 433 1071 jenen
455 993 619 1072 perfecten
639 992 691 1054 die
709 991 957 1053 unwandelbare
979 989 1220 1069 gesetzlichkeit
1243 990 1301 1052 des

182 1093 369 1168 naturlauts,
396 1094 454 1155 wie
477 1114 511 1155 er
533 1092 648 1155 einmal
674 1094 705 1153 in
732 1093 783 1155 die
811 1111 931 1172 organe
954 1093 1011 1154 der
1033 1089 1170 1153 Stimme
1191 1090 1301 1171 gelegt

183 1197 224 1257 ist
245 1197 310 1257 und
333 1203 413 1257 stets
436 1195 505 1257 sich
527 1194 631 1274 gleich
653 1194 766 1270 bleibt,
790 1197 986 1276 angedeutet
1007 1194 1055 1254 ist.
1087 1186 1147 1254 wie
1168 1192 1302 1273 πέφυκα

182 1298 247 1358 und
265 1296 387 1380 γέγονα
401 1295 503 1358 selbst
522 1296 579 1357 das
598 1296 840 1376 urspruenglich
858 1297 1051 1376 gewordene
1068 1294 1113 1356 als
1133 1294 1182 1357 ein
1200 1295 1299 1357 seien-

181 1399 239 1460 des
262 1397 463 1472 bezeichnen,
493 1417 530 1458 so
558 1417 697 1478 moegen
727 1398 808 1460 auch
831 1397 905 1478 jene
931 1396 1015 1459 laute
1042 1395 1090 1458 als
1116 1417 1172 1458 aus
1194 1403 1298 1458 natiir-

180 1497 277 1561 licher
299 1498 413 1578 anlage
435 1498 733 1578 hervorgegangen,
761 1499 828 1561 sich
856 1500 908 1561 die
930 1496 1136 1580 perfectiorm
1158 1496 1300 1578 gebildet
1394 1516 1397 1520 ⁴

179 1599 316 1678 haben.“¹
357 1599 465 1681 Quum
488 1620 565 1661 vero
588 1600 634 1662 sic
656 1601 816 1677 indicaret,
846 1602 902 1662 vix
924 1602 1030 1682 potuit
1051 1601 1206 1681 expedire
1228 1621 1299 1681 per·

180 1699 263 1764 fecta
291 1697 445 1775 κεκοπώς
474 1710 506 1764 et
530 1698 708 1786 πεπληγώς
735 1704 775 1783 (p.
806 1719 848 1782 99
875 1703 985 1783 seqq).
1040 1702 1155 1782 Neque
1184 1701 1298 1763 rectius

181 1803 303 1865 dehac
326 1823 360 1865 re
382 1803 448 1884 egit
470 1803 652 1884 nuperrime
673 1804 715 1865 A.
738 1804 779 1866 D.
802 1804 986 1867 Muellerus:
1015 1806 1217 1878 „ausserdem
1240 1803 1297 1864 fin-

179 1908 242 1968 den
261 1906 329 1968 sich
351 1907 403 1969 bei
422 1907 547 1968 Homer
564 1906 645 1967 viele
663 1906 804 1986 perlecta
821 1908 849 1969 ll
863 1914 928 1969 von
950 1907 1070 1970 verben
1087 1908 1144 1969 des
1162 1906 1297 1969 toenens

178 2010 243 2070 und
274 2007 380 2070 rusens
414 2010 472 2069 mit
501 2007 619 2088 voellig
650 2008 903 2089 praesentischer
933 2009 1132 2088 bedeutung:
1165 2009 1297 2092 γέγωνε,

176 2111 327 2194 κέκληγα,
349 2112 503 2193 βέβρυχα,
533 2111 663 2194 λέληκα,
691 2111 828 2194 μέμυκα,
851 2111 992 2195 τέτριγα.
1039 2112 1142 2173 dieser
1168 2110 1297 2191 sprach·

176 2212 338 2292 gebrauch
361 2232 438 2292 mag
460 2211 617 2274 vielleicht
640 2214 729 2275 darin
750 2213 859 2275 seinen
880 2215 984 2294 grund
1006 2212 1120 2287 haben,
1146 2214 1221 2274 dass
1244 2212 1296 2274 die

176 2315 378 2376 homerische
408 2313 590 2393 auffassung
618 2315 675 2376 das
703 2314 848 2377 anheben
877 2316 935 2377 des
961 2324 1034 2376 tons
1057 2313 1103 2376 als
1126 2314 1218 2377 einen
1239 2314 1295 2376 be·

175 2418 315 2477 sondern
338 2424 390 2476 act
411 2436 448 2476 zu
471 2423 604 2477 trennen
631 2416 828 2493 vermochte,
855 2437 880 2477 z.
903 2417 933 2478 b.
957 2417 988 2477 in
1010 2418 1067 2478 der
1089 2414 1202 2477 sormel
1225 2438 1293 2496 φα·

177 2513 279 2602 νήσας
295 2513 467 2600 προςηύδα
486 2537 524 2579 er
542 2516 618 2579 hub
636 2538 681 2579 an
699 2520 774 2580 und
793 2517 956 2599 sprach“
967 2519 1097 2598 (syntax
1110 2518 1168 2579 der
1176 2517 1294 2596 griech.

173 2628 322 2699 tempora
345 2617 452 2680 Goett.
479 2621 568 2696 1874,
591 2640 621 2700 p.
645 2620 685 2698 7).
723 2618 815 2700 Quae
837 2618 978 2700 perlecta
1001 2618 1121 2680 facilius
1145 2639 1187 2680 ex
1208 2618 1294 2698 Bop·

102 2738 104 2742 ·
176 2721 221 2800 pii
252 2721 409 2782 sententia
438 2721 584 2799 expediri
616 2727 759 2801 possunt.
803 2721 870 2782 Iam
902 2740 980 2782 vero
1011 2741 1054 2783 ex
1083 2722 1214 2780 notione
1241 2719 1294 2780 illa

175 2821 369 2902 amplificata
390 2820 442 2883 vel
462 2823 627 2896 intensiva,
649 2824 675 2883 si
698 2821 760 2882 hoc
778 2822 879 2884 verbo
902 2824 947 2884 uti
969 2821 1050 2896 licet,
1075 2841 1158 2902 quae
1173 2820 1294 2882 effecta

175 2931 224 2985 est
246 2925 359 2986 iterata
381 2925 495 2998 radice,
518 2925 592 2998 veri,
615 2925 703 3003 quod
722 2925 844 2998 dicitur,
867 2927 1028 2986 emanavit
1045 2925 1134 2985 notio
1152 2920 1293 3004 perlecti,

174 3024 378 3105 significantis
401 3027 559 3087 actionem
581 3024 770 3105 perfectam
799 3045 938 3105 namque
964 3026 1101 3100 „auctius
1123 3033 1172 3086 est
1194 3043 1291 3103 quam

175 3128 280 3205 ipsum
315 3145 458 3188 crescere
495 3127 527 3188 id
561 3128 647 3207 quod
683 3127 758 3189 inde
788 3128 966 3189 concrevit“
997 3128 1035 3207 (F
1037 3125 1171 3188 ritzsche
1203 3123 1289 3186 Curt.

174 3229 257 3291 stud.
280 3227 326 3289 Vl
348 3247 378 3308 p.
397 3228 464 3305 '346
485 3230 544 3302 „de
566 3227 816 3309 reduplicatione
844 3229 996 3308 graeca“).
1041 3211 1139 3309 Quod
1162 3235 1195 3289 ut
1217 3247 1290 3307 pro-

174 3331 305 3391 cesserit
327 3330 413 3409 apud
435 3329 614 3398 Homerum
637 3332 804 3392 videamus
826 3330 908 3391 licet.
950 3328 1031 3392 Sunt
1046 3331 1130 3391 enim
1149 3326 1291 3408 perfecta

173 3453 271 3512 quae,
295 3451 488 3512 quamquam
511 3430 698 3512 plerumque
720 3434 875 3495 intensiva
897 3442 1025 3494 utuntur
1046 3433 1178 3493 notione
1200 3451 1291 3510 prae·

173 3537 281 3609 sentis,
306 3537 465 3596 interdum
492 3536 554 3595 iam
582 3536 647 3595 veri
674 3535 807 3614 perfecti
830 3536 960 3596 notione
982 3537 1137 3596 instructa
1159 3529 1233 3607 sint,
1256 3541 1291 3594 ut

172 3637 434 3722 παρμέμβλωκεν
456 3639 543 3717 quod
561 3637 604 3698 ad
625 3656 776 3717 praesens
799 3645 926 3718 tempus
948 3645 1075 3718 spectat
1096 3638 1127 3697 in
1145 3635 1289 3698 versibus

173 3740 198 3803 Δ
222 3756 254 3800 11
278 3743 309 3804 Ω
329 3755 376 3817 73,
399 3740 439 3800 ad
462 3737 638 3819 perlectum
658 3761 677 3819 ρ
700 3754 759 3818 190
777 3737 874 3818 (Curt.
896 3748 994 3818 temp.
1010 3758 1039 3799 u.
1055 3740 1141 3799 mod.
1160 3758 1191 3817 p.
1210 3737 1289 3815 176).

174 3839 271 3922 Quod
294 3840 359 3903 sere
381 3841 444 3901 iam
460 3848 585 3901 veteres
604 3842 805 3919 grammatici
824 3839 1015 3902 observasse
1032 3839 1187 3912 videntur,
1210 3855 1293 3917 quo:

172 3962 242 4004 rum
264 3944 413 4005 iudicium
437 3941 529 4003 affert
551 3941 702 4004 Lehrsius
725 3943 871 4022 (quaestt.
895 3944 973 4023 epic.
996 3962 1026 4021 p.
1046 3944 1106 4003 288
1125 3941 1208 4019 adn.)
1227 3939 1290 4004 εἰσὶ
