2940 4566
640 297 852 358 ,ὀμ

309 490 381 532 cum
411 473 441 534 A
467 483 524 548 172
550 465 583 530 οἳ
613 460 642 530 δ’
669 464 718 530 ἔτι
749 465 815 550 κάμ
833 466 954 550 μέσσον
984 465 1104 531 πεδίον
1134 466 1303 545 φοβέοντο

1148 563 1225 646 βόες
1248 559 1302 643 δίς.

265 675 427 735 Intensiva
449 674 580 734 notione
611 672 655 732 uti
678 671 843 748 videntur,
872 690 956 750 quae
978 680 1084 732 motus
1107 671 1303 751 affectusque

181 776 275 837 animi
299 775 487 855 significant.
532 772 615 834 Sunt
637 771 730 835 haec:

310 871 508 960 ἀκάχημαι

308 985 334 1044 θ
359 995 420 1058 314
443 1014 476 1025 -
494 975 560 1060 ἐγώ
583 972 614 1040 δ’
641 973 757 1059 ὁρόων
779 971 943 1062 ἀκάχημαι

428 1090 488 1143 ete.
507 1111 549 1132 =
565 1079 661 1142 doleo

313 1179 583 1268 ἀλαλύκτημαι

266 1284 375 1348 Semel
398 1287 483 1368 apud
506 1285 685 1346 Homerum
710 1284 826 1365 legitur
847 1288 881 1348 K
900 1301 950 1363 94.

308 1386 411 1463 αἰνῶς
432 1385 494 1472 γὰρ
514 1388 657 1452 Δαναῶν
674 1386 860 1471 περιδείδια
884 1380 966 1449 ούδέ
986 1408 1043 1469 μοι
1066 1375 1149 1470 ἦτορ

307 1486 493 1573 ἔμπεδον,
530 1483 602 1553 ἀλλ’
633 1483 920 1572 ἀλαλύκτημαι,
950 1486 1069 1571 κραδίη
1102 1487 1139 1551 δέ
1159 1511 1215 1571 μοι
1239 1485 1304 1566 ἔξω

312 1589 467 1674 στηθέων
489 1585 676 1673 ἐκθρώσκει
692 1625 733 1635 -

183 1721 224 1742 =
240 1694 321 1753 curis
345 1691 494 1774 abripior,
517 1695 640 1754 animus
664 1694 745 1754 curis
769 1693 913 1766 iactatur.

266 1794 318 1856 De
341 1793 403 1856 hoc
426 1794 572 1876 perfecto
596 1796 712 1857 eodem
736 1795 835 1856 modo
858 1803 956 1872 atque
974 1794 1015 1855 de
1038 1792 1144 1857 δείδια
1166 1793 1305 1855 iudican-

133 1921 136 1925 ’
182 1898 257 1959 dum
281 1897 374 1960 nobis
397 1918 468 1960 esse
499 1898 632 1960 videtur.
677 1899 827 1979 Apparet
858 1898 959 1974 enim,
986 1895 1127 1957 radicem
1150 1916 1232 1975 quae
1255 1905 1304 1958 est

160 1999 282 2063 ¹verbo
305 1994 457 2064 ἀλοκτίοο
479 2000 633 2075 subiecta,
662 2001 800 2082 primum
831 1996 1029 2078 significasse
1056 2007 1181 2060 motum
1205 2018 1303 2078 quen-

174 2093 258 2164 'dam
289 2103 434 2182 corporis
466 2101 697 2183 paullatimque
732 2101 773 2162 ad
800 2100 896 2163 animi
925 2101 1145 2162 condicionem
1171 2100 1304 2163 relatam

182 2225 260 2266 esse.
315 2203 428 2284 Atque
458 2207 521 2266 iam
554 2225 596 2266 ex
629 2205 700 2284 ipso
735 2224 829 2265 versu
860 2206 895 2267 K
923 2219 966 2282 94
1001 2201 1192 2264 concludere
1222 2202 1304 2278 licet,

182 2315 306 2368 motum
330 2306 493 2386 quendam
527 2307 664 2386 exprimi
694 2304 757 2367 hoc
787 2305 902 2366 verbo:
936 2313 985 2366 est
1017 2306 1100 2366 enim
1123 2304 1224 2367 verbo
1248 2299 1303 2368 ἀλ-

183 2401 367 2491 αλύκτημαι
390 2409 576 2487 oppositum
600 2408 792 2469 adiectivum
817 2404 973 2491 ἕμπεδονι
1003 2427 1078 2483 „cor
1109 2427 1216 2469 meum
1240 2428 1304 2468 non
1415 2481 1417 2485 Ι

184 2518 233 2571 est
256 2508 384 2571 firmum
407 2508 595 2589 stabileque,
629 2511 688 2572 sed
706 2547 748 2555 —
765 2503 1019 2593 ἀλαλύκτημαι.“
1070 2507 1178 2590 Quare
1208 2510 1304 2570 vacil-

182 2611 267 2673 landi
290 2609 484 2690 labendique
506 2613 671 2675 notionem
694 2614 799 2674 inesse
826 2613 857 2672 in
889 2605 1116 2695 ἀλαλύκτημαι
1138 2612 1305 2674 coniicien-

183 2714 259 2776 dum
283 2722 341 2776 est.
383 2712 482 2795 Quod
503 2712 682 2794 perfectum
705 2714 747 2774 ad
766 2713 902 2775 eandem
925 2712 1065 2774 radicem
1087 2714 1304 2774 revocandum

182 2837 253 2878 esse
276 2817 408 2890 videtur,
439 2825 535 2896 atque
558 2811 690 2879 ἀλύσσιο
723 2816 830 2895 (stirps
854 2809 957 2894 ἀλοκ),
980 2815 1069 2895 quod
1099 2813 1304 2877 Godofredus

182 2918 387 2979 Hermannus
418 2919 545 2979 adiutus
576 2918 767 2979 auctoritate
796 2925 942 2980 veterum
969 2919 1252 2997 grammaticorum
1276 2920 1305 2997 (a

182 3020 297 3101 quibus
335 3030 368 3082 et
399 3021 428 3080 in
462 3018 689 3100 etymologicis
721 3019 833 3094 rebuS,
875 3040 972 3100 quum
1004 3023 1175 3100 genuinam
1202 3023 1305 3082 notio-

182 3142 256 3183 nem
275 3121 450 3183 verborum
460 3122 587 3202 saepius
603 3130 714 3203 utpote
730 3121 845 3184 Graeci
860 3123 1021 3198 sentirent,
1036 3121 1304 3203 proficiscendum

182 3223 439 3301 ordiendumque
461 3232 511 3285 est
519 3224 537 3304 ί)
566 3225 792 3305 interpretatus
825 3233 875 3288 est
904 3224 1026 3306 „abripi
1057 3227 1152 3287 animi
1182 3235 1306 3306 pertur-

181 3325 313 3388 batione
335 3333 369 3386 ut
391 3327 585 3390 πλανᾶσθαι
604 3346 732 3407 quoque
754 3326 941 3390 adhibetur“
964 3327 1017 3407 (de
1037 3327 1162 3389 emend.
1182 3335 1238 3389 rat.
1258 3346 1304 3407 gr.

182 3447 228 3508 gr.
253 3448 282 3508 p.
299 3429 380 3507 268).
415 3429 528 3507 Atque
550 3429 592 3491 ab
611 3429 725 3490 eadem
745 3431 868 3510 origine
885 3427 1066 3511 profectum
1083 3449 1154 3491 esse
1173 3424 1306 3494 ἀλύσσω

182 3540 279 3610 atque
302 3524 405 3608 ἀλύοο,
428 3540 516 3594 recte
538 3533 704 3593 contendit
726 3533 774 3593 vir
796 3532 1002 3595 clarissimus:
1025 3541 1078 3607 „at
1100 3526 1215 3596 ἀλύειν
1233 3552 1305 3593 cum

182 3626 291 3697 ἀλέειν
310 3626 456 3697 ἀλᾶσθαι
474 3632 541 3696 aliis
561 3635 697 3696 eandem
716 3634 816 3698 habet
838 3636 994 3715 originem
1018 3636 1153 3714 vagari
1175 3635 1306 3715 proprie

182 3735 373 3816 significans.
417 3736 495 3799 Inde
516 3730 674 3802 ἀλύσκειν
695 3747 731 3799 ut
754 3731 925 3816 ἀλεείνειν,
948 3731 1129 3802 ἀλεύεοθαι
1146 3736 1306 3818 significat

182 3840 309 3918 evitare,
341 3832 497 3902 ἀλύσοειν
528 3848 635 3901 autem
663 3841 759 3901 animi
781 3839 1022 3921 perturbatione
1040 3839 1144 3921 abripi
1166 3848 1201 3900 ut
1224 3843 1305 3902 πλοι-

180 3942 306 4003 νᾶοθαι
325 3959 454 4020 quoque
474 3939 657 4016 adhibetur3
679 3940 943 4022 Etymologieum
967 3941 1011 4006 M.
1033 3963 1064 4024 p.
1088 3957 1136 4022 72,
1166 3958 1207 4021 34
1229 3950 1306 4023 apte
