2940 4566
592 284 841 346 ,Ὗ-

172 436 341 497 videantur
365 434 413 513 (ci.
433 436 566 500 Hesiod.
588 445 665 499 scut.
684 439 761 516 269:
785 473 826 481 —
848 435 956 520 πολλή
980 438 1015 502 δὲ
1038 436 1133 514 κόνις
1154 438 1292 526 κατενή-

174 542 278 601 νοθεν
295 530 427 619 οἴμους).
461 536 574 617 Neque
594 539 760 600 notionem
776 537 908 618 perfecti
927 536 1136 624 ἐπενήνοθεν
1154 542 1185 602 in
1199 563 1292 604 versu

172 644 197 701 θ
210 640 272 716 364
294 637 386 699 aliam
410 659 481 700 esse
504 647 600 718 atque
623 638 749 718 reliquis
773 640 851 702 locis
874 640 1102 704 Doederleinio
1125 663 1292 706 concesse-

173 743 278 802 rimus
322 741 368 803 Ut
391 741 474 802 enim
497 745 602 820 B219
624 745 659 806 K
677 758 736 820 134
758 742 940 821 lanuginem
964 741 1090 820 florere,
1123 746 1293 824 sic19364

173 842 279 904 oleum
302 845 392 922 quasi
416 842 531 905 florere
554 843 674 904 dictum
707 852 770 917 est3
801 842 910 905 similis
944 844 1011 908 fere
1034 847 1222 928 metaphora
1245 857 1293 909 est

173 947 336 1007 τεθαλυῖα
367 937 643 1029 ἀλοιφήήνιμο),
675 964 772 1023 quum
803 945 887 1007 exile
916 947 956 1006 sit
990 967 1026 1008 ac
1057 948 1124 1010 fere
1155 950 1291 1011 ieiunum

172 1064 276 1123 neque
298 1065 357 1124 pro
381 1046 472 1126 copia
501 1045 553 1106 illa
584 1045 801 1124 describendi,
834 1048 922 1124 quod
953 1049 1047 1109 vertit
1079 1049 1290 1111 Buttmannus

173 1143 383 1230 ἐπενήνοθεν
406 1147 572 1218 insidebat,
595 1146 799 1209 adhaerebat.

258 1247 383 1329 Quibus
407 1251 581 1329 expositiS,
613 1251 692 1309 duas
724 1236 792 1309 illas
823 1250 1077 1329 praepositiones
1102 1251 1166 1331 (ἐπί
1190 1261 1222 1314 et
1245 1251 1292 1327 ἐν)

172 1371 236 1410 non
259 1349 396 1412 moleste
418 1350 547 1412 ferimus
571 1360 603 1412 et
619 1350 724 1411 verbis
740 1350 938 1412 Buttmanni:
962 1352 1063 1426 „hiess
1082 1351 1293 1437 ἐπενήνοθεν

173 1452 272 1513 durch
295 1451 460 1532 ableitung
483 1473 546 1513 von
568 1452 606 1517 ἐν
628 1452 702 1532 „lag
724 1450 799 1513 aul“
822 1488 862 1498 —
885 1473 975 1513 wozu
999 1455 1056 1515 das
1079 1453 1168 1518 ἐπίέ“
1191 1475 1291 1535 oppo-

173 1556 311 1615 nendum
335 1563 393 1633 est,
417 1575 480 1615 non
502 1553 682 1633 significare
706 1550 872 1635 ἐνήνοθεν
893 1553 965 1634 „lag
987 1554 1061 1615 aui“
1083 1557 1141 1617 sed
1164 1554 1292 1630 „bluthe

172 1654 303 1716 daraus“
327 1664 358 1717 et
380 1657 512 1736 proprio
539 1675 635 1717 sensu
665 1654 842 1717 adhibitam
870 1676 941 1717 esse
964 1664 1133 1736 utramque
1155 1677 1290 1737 praepo-

172 1755 328 1818 sitionem.
362 1756 476 1836 Neque
495 1764 606 1818 contra
624 1756 860 1837 simplicitatem
878 1756 1074 1818 homericam
1093 1758 1155 1819 hoc
1172 1760 1291 1820 dictum

173 1878 255 1933 esse,
288 1858 393 1921 elucet
424 1880 467 1921 ex
498 1860 565 1921 aliis
589 1859 708 1932 verbiS,
740 1879 821 1938 quae
852 1859 995 1921 similiter
1016 1861 1198 1940 composita
1220 1869 1292 1921 sunt

173 1981 245 2022 cum
268 1961 391 2023 duabus
422 1962 711 2043 praepositionibus
730 1970 763 2022 ut
786 1961 1043 2044 ἐπ-αν-ίστημι
1061 1993 1102 2012 =
1122 1984 1172 2024 ex
1195 1983 1291 2042 surgo

173 2071 305 2123 contra
336 2062 473 2142 aliquem
504 2061 614 2140 (1385),
646 2060 906 2143 ἐπ-αν-ορούοι
933 2064 974 2141 (Τ
982 2065 1053 2143 396)
1086 2065 1291 2144 maximeque

172 2160 398 2227 ἐπ-εν-τανύοι
418 2188 438 2247 χ
453 2166 515 2243 467

257 2257 304 2339 ὡς
327 2259 368 2347 ἄρ
394 2263 456 2350 ἐφη
482 2262 538 2329 καὶ
563 2278 684 2348 πεῖσμα
707 2263 783 2340 νεὸς
805 2262 1066 2348 κυανοπρώροιο

256 2368 370 2442 κίονος
389 2364 514 2450 ἐξάψας
535 2363 677 2451 μεγάλης
698 2368 874 2448 περίβαλλε
896 2363 1021 2432 θόλοιο

256 2464 354 2551 ιῗψόσ
379 2465 619 2543 ἐπεντανύσας,
637 2465 735 2552 μήτις
756 2469 857 2532 ποσὶν
881 2458 984 2543 οὖδας
1007 2466 1126 2532 ἵκοιτο.

172 2599 213 2620 =
240 2572 293 2645 „in
331 2572 430 2633 altum
462 2572 601 2632 iniiciens
639 2579 671 2633 et
710 2572 784 2632 inde
821 2572 1000 2632 extendens
1032 2572 1228 2644 rudentem“,
1260 2573 1291 2630 in

172 2690 236 2749 quo
268 2672 411 2753 perlecto
448 2682 481 2734 ut
512 2675 542 2733 in
574 2668 782 2753 ἐπενήνοθεν
816 2680 950 2751 utraque
989 2673 1184 2752 praepositio
1218 2691 1290 2751 pro-

171 2765 281 2854 priam
304 2776 403 2837 habet
434 2777 507 2838 vim.
554 2775 633 2838 Alia
655 2774 838 2836 huiusmodi
861 2773 1009 2854 exempla
1027 2783 1114 2834 sunt:
1131 2772 1290 2851 ’ἐξ-ανα-

173 2873 242 2938 oua
278 2877 417 2956 (d405l
441 2873 651 2955 ’ξ-ανα-λύοι
682 2878 728 2955 (Π
740 2881 831 2953 442),
863 2871 1135 2957 ἐπ-εμ-βεβαώς
1171 2877 1290 2954 (1582).

173 2977 280 3058 Quare
303 2999 401 3058 quum
425 2979 709 3060 reduplicationem
732 2978 862 3039 atticam
893 2976 1094 3057 inperfectis
1118 2972 1291 3060 ἀνήνοθεν·

172 3089 204 3140 et
226 3077 434 3165 ἐπενήνοθεν
457 3100 536 3154 esse,
559 3079 652 3161 plane
669 3082 710 3140 sit
729 3080 920 3157 negandum,
944 3098 1040 3138 unam
1059 3079 1095 3138 iis
1114 3077 1289 3139 subiectam

173 3201 243 3243 esse
270 3183 411 3243 radicem
438 3177 507 3247 ἀνθ
536 3176 645 3260 (ἀνεθ)
670 3190 756 3242 recte
783 3180 1016 3242 existimaveris
1044 3177 1141 3256 (Curt.
1165 3179 1290 3258 Etym³

173 3285 254 3362 236),
286 3284 437 3363 quodque
467 3283 548 3344 inter
577 3303 611 3343 se
639 3281 800 3359 differant,
834 3282 866 3342 id
899 3301 963 3342 non
994 3280 1053 3343 alia
1084 3302 1118 3342 re
1141 3280 1290 3342 effectum

172 3404 243 3446 esse
265 3386 322 3445 nisi
348 3385 474 3445 diversa
496 3384 768 3464 praepositionum
791 3377 855 3446 ἀνά
879 3391 911 3444 et
933 3381 969 3446 ἐν
993 3384 1131 3456 notione,
1154 3390 1188 3442 ut
1210 3383 1291 3442 inter

170 3481 325 3570 ἀνήνοθα
341 3497 372 3548 et
390 3483 542 3571 ἐνήνοθα
559 3488 675 3548 eadem
694 3487 774 3547 ratio
792 3486 914 3547 intersit
928 3494 1024 3564 atque
1040 3485 1120 3545 inter
1136 3478 1290 3566 ἀνίστημι

170 3597 201 3649 et
223 3588 380 3672 ἐνίστημι.

258 3689 382 3770 Quibus
424 3691 580 3771 expositis
622 3691 684 3751 iam
724 3699 874 3770 apparet,
915 3689 990 3768 quid
1030 3689 1203 3750 iudicemus
1249 3690 1289 3750 de

170 3795 325 3854 sententia
356 3792 518 3855 Kuehneri
549 3791 614 3871 (Gr.
641 3791 673 3852 Ι2
698 3793 768 3871 512)
804 3811 934 3871 prorsus
965 3789 1166 3851 assentientis
1200 3789 1289 3850 Butt-

171 3915 300 3969 mann0‚
322 3895 467 3958 Goebelii
493 3895 601 3974 (Kuhn
620 3894 740 3957 Ztschr.
760 3894 805 3955 XI
823 3896 875 3974 67)
897 3892 1061 3956 referentis
1083 3890 1132 3951 illa
1148 3890 1290 3971 perlecta
