2940 4566
628 297 839 362 ..72-

260 454 464 533 Participium
487 451 685 535 κεχρημένος
706 472 766 532 pro
789 453 949 514 adiectivo
972 461 1042 520 est.

303 578 322 639 ρ
347 570 415 634 347,
438 553 492 615 ubi
515 555 601 616 idem
624 553 711 616 valet
733 563 831 634 atque
852 555 1023 638 τιροέκτης,

302 656 405 732 αἰδώς
442 650 473 717 ‹l'
509 649 572 719 οὐκ
603 649 716 740 έχαέέὴ
752 655 983 740 κεχρημένῳ
1014 650 1111 736 ἀνδρὶ
1141 665 1297 738 παρεῖναι

303 772 405 842 ρ352
430 756 516 821 αἰδοῖ
556 751 587 820 ‹5’
627 751 689 822 οόκ
729 752 863 842 ἀγαθήν
902 751 980 841 ωησ’
1026 755 1161 842 έμμεναι
1198 751 1297 840 ἀνδρὶ

1118 860 1296 943 τιροίκτη

301 963 501 1046 μέμνημαι

301 1069 332 1129 Ε
355 1067 415 1126 818
439 1058 511 1128 ἀλλ’
537 1061 588 1127 έτι
611 1063 699 1127 σέων
720 1063 882 1148 μέμνημαι
906 1062 1135 1147 ἐφετμέων-

441 1174 500 1228 etc.

258 1268 434 1331 Notionem
457 1269 634 1348 praesentis
658 1287 729 1329 esse
751 1287 810 1328 nec
833 1267 1094 1347 reduplicatione,
1117 1265 1296 1346 perfectum

174 1392 244 1434 esse
266 1381 404 1452 tempuS,
429 1369 600 1450 significari
623 1371 687 1431 iam
711 1391 753 1432 ex
776 1390 815 1432 eo
834 1369 945 1445 elucet,
964 1370 1052 1450 quod
1075 1368 1197 1430 formae
1216 1365 1298 1452 μνη-

172 1491 271 1558 σομαι
294 1483 326 1536 et
348 1469 552 1558 μεμνήσομαι
574 1473 659 1534 idem
682 1471 792 1533 valent
814 1471 853 1533 cs.
877 1476 912 1536 X
931 1486 995 1552 390
1019 1491 1091 1533 cum
1118 1475 1145 1534 T
1164 1472 1213 1547 64.

300 1580 331 1640 Ω
358 1592 417 1655 129
432 1609 472 1620 -—
488 1573 746 1663 μεμνημένος
768 1566 848 1637 οὔτε
871 1597 904 1637 τι
927 1574 1022 1638 σίτου
1042 1574 1046 1654 Ι
1067 1566 1141 1638 οὔτ’
1168 1566 1266 1657 εὐνῆς

303 1701 323 1760 η
349 1680 407 1756 138
425 1713 468 1722 —-
483 1667 541 1740 ὅτε
562 1676 783 1759 μνησαίατο
806 1676 932 1740 κοίτου,

258 1778 369 1858 Atque
379 1780 464 1841 idem
475 1776 541 1840 lere
551 1776 636 1839 valet
649 1777 814 1860 μέμνημαι
832 1786 930 1857 atque
944 1797 1097 1858 praesens
1115 1771 1295 1860 μιμνησκο-

176 1902 244 1963 μαι,
267 1879 518 1961 reduplicatione
540 1881 669 1958 quidem
693 1881 880 1941 instructum
904 1878 940 1940 cl.
964 1903 992 1942 ω
1015 1868 1083 1959 195¹
1139 1927 1142 1933 .

302 2019 342 2026 —
362 1978 408 2055 ὡς
432 1971 468 2044 εὗ
489 1975 628 2064 μέμνητ’
650 1977 805 2065 Ὀδυσῆος

302 2107 319 2148 ο
345 2098 385 2164 54
407 2087 471 2147 τοῦ
489 2079 611 2166 χάρητε
633 2087 742 2161 ξεῖνος
764 2079 981 2167 μιμνήσκεται
1003 2074 1113 2167 ἤματα
1134 2077 1247 2146 πάντα

175 2184 212 2246 cf.
231 2208 251 2247 ο
270 2188 327 2264 138
351 2206 422 2247 cum
442 2189 472 2249 Ω
496 2201 562 2263 129.
588 2207 607 2267 η
630 2187 696 2263 138.
728 2183 835 2266 Quare
857 2204 921 2245 non
943 2182 1039 2264 plane
1059 2184 1297 2246 assentiendum

174 2296 223 2349 est
254 2289 472 2367 grammaticis
503 2285 681 2366 perlectum
722 2285 1004 2366 interpretantibus
1034 2306 1178 2364 „memor
1209 2292 1297 2346 sum“

175 2391 345 2469 (condicio)
368 2408 520 2469 praesens
543 2389 733 2463 „recordor“
756 2390 862 2469 (actio)
886 2388 924 2450 cl.
943 2387 1098 2451 Kuehner
1115 2408 1161 2468 gr.
1179 2389 1210 2448 Ι2
1228 2390 1297 2467 869.

174 2489 234 2551 Est
257 2493 350 2565 enim,
373 2490 426 2551 ubi
449 2490 615 2573 μέμνημαι
632 2489 791 2569 significet
809 2493 914 2571 ipsam
930 2493 1088 2552 actionem
1108 2493 1297 2553 recordandi

174 2601 228 2654 aut
250 2595 356 2673 potius
380 2593 565 2654 intendendi
588 2594 728 2654 animum
752 2593 844 2655 alicui
866 2595 911 2654 rei
933 2602 968 2655 ut
990 2598 1020 2656 P
1040 2594 1103 2670 364
1187 2656 1188 2659 ,

300 2731 343 2739 -
364 2695 509 2779 μέμνητο
532 2694 594 2777 γὰρ
618 2694 682 2758 αἰεί

303 2792 457 2884 ἀλλήλοις
478 2792 560 2862 καθ)
587 2788 705 2880 ὅμιλον
728 2792 916 2882 ἀλεξέμεναι
938 2794 1049 2879 μόνον
1071 2795 1175 2863 αἰπύν

173 2899 381 2979 similiterque
407 2905 433 2964 T
455 2917 511 2979 231
539 2916 557 2963 σ
581 2901 650 2979 267.

258 3001 417 3064 Videmus
435 3005 531 3082 igitur
541 3010 573 3062 et
584 3002 647 3063 hoc
665 3000 818 3082 perlecto,
836 3004 923 3083 apud
934 3003 1114 3066 Homerum
1131 3005 1295 3064 notionem

173 3101 306 3182 perfecti
329 3106 432 3165 minus
455 3103 554 3165 fixam
578 3103 791 3184 stabilemque
815 3125 998 3184 essequam
1017 3106 1103 3184 apud
1121 3106 1294 3184 scriptores

61 3235 67 3243 1
173 3208 361 3285 posterioris
384 3209 507 3269 aetatis

302 3304 550 3393 ὀρωρέχαται

303 3415 333 3476 Λ
356 3412 397 3472 26
418 3408 557 3475 κυάνεοι
580 3411 616 3475 δὲ
640 3408 822 3493 δράκοντες
844 3406 1037 3494 ὀρωρέχατο
1055 3411 1157 3493 προτὶ
1179 3407 1294 3495 δειρήν

301 3516 337 3578 Π
356 3516 418 3592 834
442 3551 484 3559 -
509 3509 605 3577 τάων
635 3513 671 3576 δέ
692 3508 822 3597 τιρόσέέ)
858 3504 1019 3596 Ἕκτορος
1055 3508 1158 3588 εόκέες
1196 3510 1295 3577 ῗτιτιοι

301 3616 421 3680 ποσσὶν
444 3610 649 3700 ὀρωρέχαται
670 3617 859 3699 πολεμίζειν

175 3719 216 3779 de
239 3720 327 3797 equis
346 3717 511 3780 celerrime
533 3718 730 3780 currentibus
749 3721 869 3780 dictum
889 3727 948 3796 est,
971 3719 1025 3797 qui
1047 3738 1145 3797 quum
1167 3728 1295 3780 currant
1368 3737 1373 3741 ·

174 3840 210 3882 se
233 3822 412 3882 extendunt
435 3822 534 3900 quasi,
556 3821 588 3881 id
612 3822 699 3900 quod
723 3819 911 3883 describitur
938 3823 969 3884 Ψ
987 3833 1045 3898 375

303 3916 393 4006 ἀωὰρ
417 3916 449 3985 ‹l'
475 3918 606 3987 ἵπποισι
628 3919 732 4006 τάθη
755 3918 907 4007 δρόμος.
