2940 4566
648 303 836 362 „3-

179 470 376 551 plerisque
399 470 475 531 locis
492 470 656 550 digamma
673 489 777 548 neque
796 471 879 532 reiici
898 491 1001 550 neque
1016 470 1168 552 postulari
1187 480 1299 534 metro}

180 570 262 634 Sunt
285 574 368 633 enim
390 571 573 632 huiusmodi
602 570 761 650 triginta
793 572 870 632 duo
900 570 970 649 loci,
1003 573 1128 634 omissis
1150 572 1299 653 perlectis

181 667 256 736 οἶδα
280 681 312 734 et
334 666 436 755 εἶμαιι
468 674 600 733 decem
622 679 703 746 sunt,
726 672 840 750 quibus
863 674 1027 752 digamma
1048 673 1142 753 plane
1165 674 1300 735 reiicitur

181 782 216 834 ut
237 776 300 834 sint
322 774 453 835 omnino
477 772 731 852 quadraginta
755 775 847 848 du0;
877 773 990 852 quibus
1013 775 1154 836 decem
1176 783 1299 836 tantum

180 876 301 955 opponi
319 883 461 955 possunt,
485 876 538 936 ubi
557 883 695 936 metrum
713 875 821 953 utique
839 875 1002 954 digamma
1017 874 1167 956 postulat.
1208 875 1300 957 Quae

181 979 325 1054 quaestio
348 979 374 1037 si
397 976 601 1038 subtilissime
625 978 665 1037 de
688 975 843 1050 omnibus
867 997 948 1055 quae
971 997 989 1038 a
1012 977 1176 1056 digamma
1199 997 1298 1056 quon-

181 1077 256 1138 dam
283 1080 438 1159 incepisse
464 1087 602 1151 constat,
634 1077 798 1139 vocabulis
830 1080 915 1158 apud
942 1077 1123 1140 Homerum
1156 1080 1299 1140 instituta

180 1182 247 1254 erit,
270 1182 394 1255 certius,
417 1182 448 1240 ni
472 1178 613 1253 fallimur,
638 1180 678 1240 de
701 1180 866 1258 digamma
888 1181 976 1258 quod
999 1188 1049 1241 est
1072 1181 1157 1260 apud
1176 1179 1299 1242 Home-

180 1299 249 1340 rum
280 1281 419 1342 iudicare
450 1281 636 1360 poterimus.
679 1280 725 1343 Ut
755 1280 840 1342 enim
866 1279 1016 1358 vidimuS,
1048 1282 1129 1342 inter
1158 1280 1300 1361 perlecta

181 1379 283 1440 multo
306 1382 461 1443 maiorem
493 1401 564 1444 esse
593 1402 761 1444 numerum
793 1402 916 1454 eorum,
948 1401 1030 1461 quae
1062 1383 1225 1462 digamma
1248 1392 1301 1443 aut

180 1500 311 1559 prorsus
330 1484 472 1545 reiiciunt
492 1492 630 1544 autnon
649 1483 757 1562 utique
775 1481 945 1563 postulant,
954 1503 1051 1562 quam
1070 1503 1152 1563 quae
1169 1492 1301 1564 propter

182 1591 320 1644 metrum
342 1584 402 1645 hac
424 1584 528 1647 littera
550 1587 702 1646 instructa
725 1605 796 1646 esse
814 1585 969 1658 videntur,
995 1587 1040 1645 sic
1064 1593 1095 1646 et
1118 1587 1149 1647 in
1172 1585 1300 1666 reliquis

181 1684 363 1747 huiusmodi
385 1685 551 1748 vocabulis
575 1688 606 1747 id
629 1686 748 1746 lactum
767 1706 838 1747 esse
857 1687 1069 1748 demonstrari
1087 1707 1185 1767 posse
1208 1686 1300 1747 nobis

180 1805 368 1864 persuasum
391 1795 447 1849 est.
493 1787 591 1869 Quod
614 1791 640 1850 si
664 1808 774 1849 verum
807 1797 870 1862 est,
902 1809 984 1868 quae
1016 1809 1065 1850 res
1089 1790 1152 1849 iam
1174 1790 1300 1868 saepius

182 1907 331 1967 magnam
362 1892 393 1950 in
426 1892 678 1952 controversiam
713 1898 829 1950 vocata
863 1899 927 1963 est,
966 1910 1063 1969 quum
1104 1898 1300 1969 quaererent,

181 1996 287 2049 utrum
310 1992 474 2070 digamma
497 1993 594 2052 etiam
621 1992 756 2053 Homeri
785 1999 891 2052 aetate
915 1992 1172 2071 pronuntiaretur
1194 2011 1301 2065 necne,

182 2086 279 2171 sacile,
311 2093 342 2152 ni
373 2091 517 2167 fallimur,
544 2102 654 2174 potest
684 2095 854 2155 diiudicari.
898 2093 977 2155 Veri
1000 2093 1084 2153 enim
1107 2090 1301 2153 simillimum

182 2198 247 2264 est,
279 2194 305 2252 si
337 2213 371 2254 re
401 2214 478 2256 vera
499 2214 595 2256 voces
621 2217 640 2256 a
666 2195 768 2257 littere
802 2191 1005 2276 Fquondam
1028 2195 1213 2272 incipientes
1236 2193 1301 2273 ple-

182 2311 316 2372 rumque
347 2296 383 2355 iis
414 2294 491 2356 locis
514 2297 599 2375 apud
623 2296 803 2356 Homerum
835 2304 959 2373 extant,
992 2292 1106 2372 quibus
1136 2295 1302 2374 digamma
1340 2312 1342 2316 ·

181 2413 239 2454 nec
262 2394 441 2474 postulatur
464 2417 522 2457 nec
545 2397 680 2458 reiicitur
704 2405 819 2470 metm,
850 2396 932 2458 hanc
955 2394 1093 2456 litteram
1115 2394 1213 2475 vulgo
1237 2416 1301 2456 non

182 2515 253 2555 esse
274 2498 520 2575 pronuntiatam,
557 2507 589 2560 et
611 2499 791 2560 Homerum
813 2499 896 2579 sive,
927 2499 980 2578 qui
1003 2496 1063 2557 sub
1086 2497 1152 2558 eius
1171 2498 1301 2558 nomine

181 2595 286 2672 latent,
308 2607 421 2679 poetas
445 2600 592 2661 consulto
612 2599 728 2661 talibus
752 2599 829 2661 locis
852 2600 909 2661 has
932 2619 1029 2660 voces
1052 2599 1237 2671 collocasse,
1261 2619 1300 2660 ne

181 2697 268 2759 hiatu
299 2708 353 2760 aut
383 2701 444 2762 alia
476 2704 615 2781 quadam
647 2703 911 2764 incommoditate
940 2701 1031 2762 metri
1064 2699 1301 2762 offenderentur

182 2819 272 2860 aures
297 2821 416 2876 eorum,
440 2824 521 2882 quae
537 2803 678 2864 carmina
696 2802 747 2865 illa
766 2802 937 2866 audiebant
954 2803 1166 2883 pronuntiata.
1191 2801 1299 2881 Quum

183 2902 266 2962 enim
289 2905 393 2982 poetis
416 2906 568 2966 traditum
591 2914 684 2979 esset,
708 2915 810 2968 certas
833 2906 990 2986 quasdam
1012 2924 1109 2965 voces
1130 2906 1160 2983 (i.
1179 2922 1300 2981 equae

183 3003 287 3067 littera
311 3000 329 3090 f
347 2997 518 3068 instructae
536 3009 699 3086 quondam
718 3009 818 3087 erant)
840 3027 943 3086 aeque
969 3026 1029 3086 pro
1049 3013 1152 3066 metro
1175 3004 1299 3065 tractari

182 3125 296 3185 posse,
329 3129 366 3169 ac
388 3109 414 3167 si
438 3129 456 3170 a
483 3128 626 3171 consona
656 3109 849 3189 inciperent,
882 3108 1041 3167 interdum
1064 3105 1123 3166 sibi
1146 3106 1208 3166 hoc
1230 3124 1299 3185 per-

184 3208 344 3282 miserunt,
368 3211 425 3270 sed
446 3208 548 3272 multo
575 3211 700 3291 saepius
719 3230 810 3272 aures
828 3209 1032 3280 audientium,
1055 3206 1170 3286 quibus
1189 3206 1299 3279 hiatus,

185 3311 329 3371 extincto
352 3312 525 3390 digamma,
549 3311 792 3373 molestissimus
815 3319 890 3384 erat,
913 3308 1077 3371 offendere
1101 3307 1299 3382 verebantur,

184 3418 218 3471 ut
241 3414 382 3473 mediam
397 3414 558 3491 quandam
576 3412 700 3493 ingredi
724 3413 854 3475 mallent
868 3412 1040 3473 rationem:
1063 3429 1167 3488 neque
1189 3418 1300 3471 contra

183 3522 390 3593 praeceptum
413 3513 487 3575 illud
511 3533 614 3592 neque
638 3523 749 3575 contra
771 3535 876 3588 aures,
900 3522 935 3575 ut
956 3514 1001 3575 ita
1024 3512 1178 3584 dicamuS,
1202 3531 1300 3590 quum

183 3633 280 3692 agere
302 3614 434 3688 vellent,
465 3616 522 3677 has
546 3635 642 3677 voces
669 3615 889 3695 plerumque
919 3615 963 3676 ita
985 3613 1089 3675 versui
1112 3613 1300 3686 inserebant,

184 3725 218 3776 ut
240 3716 403 3796 digamma
425 3725 487 3776 aut
514 3737 572 3779 nec
594 3716 809 3797 postularetur
831 3737 890 3778 nec
911 3717 1090 3777 reiiceretur
1113 3723 1216 3776 metro
1239 3723 1300 3776 aut

184 3820 410 3897 repudiaretur.
454 3817 567 3897 Neque
598 3821 761 3899 digamma
793 3819 822 3878 in
849 3818 997 3878 omnibus
1028 3817 1161 3878 vocibus
1184 3818 1300 3878 eodem

183 3927 329 4000 tempore
359 3919 485 3981 evanuit
517 3921 574 3980 sed
602 3921 633 3980 in
658 3918 815 3981 nonnullis
846 3918 960 3980 diutius
991 3927 1215 3981 conservatum
1244 3927 1301 3980 est.
