2940 4566
661 287 871 352 -50„

206 453 322 527 potest.
367 443 475 526 Quare
497 442 633 505 sortasse
655 445 807 525 suspicari
833 442 914 517 licet,
945 445 1075 524 proprie
1105 443 1167 506 hoc
1189 445 1326 507 verbum

206 545 404 628 significasse
425 555 579 627 appetere
601 544 726 625 aliquid,
758 554 792 608 ut
812 547 969 628 μαίεσθαι
999 547 1040 608 ab
1072 547 1186 608 eadem
1218 547 1326 629 radice

207 650 385 711 derivatum
409 646 457 723 (ci.
479 671 502 732 μ
525 660 599 709 220:
623 644 662 710 οὐ
686 645 724 710 δὲ
747 647 921 711 σκοπέλων
942 647 1102 730 ἐπιμαίεο,
1126 670 1141 711 ε
1165 650 1244 725 344).
1275 648 1328 710 Ex

207 751 336 813 notione
358 750 530 830 appetendi
553 746 670 810 facilius
694 747 830 810 fortasse
851 749 941 810 notio
963 749 1199 828 capessendi
1218 750 1249 827 (λ
1266 763 1322 829 531

206 853 318 932 ξίφεος
339 851 513 929 ἐπεμαίετο
542 846 672 934 κώπην)
705 858 736 912 et
763 851 997 912 attrectandi
1029 853 1052 928 (ι
1073 865 1132 926 441
1163 844 1247 915 ὀίοον
1269 849 1327 915 έπ-

207 955 339 1036 εμαίετο
362 955 474 1032 νῶτα).
525 952 632 1034 Quum
664 973 741 1014 vero
773 954 861 1032 quod
893 953 993 1013 modo
1024 952 1232 1033 exposuimus
1262 973 1327 1014 non

206 1075 266 1136 pro
285 1064 373 1118 certo
391 1054 597 1129 affirmemus
620 1054 661 1116 de
679 1057 807 1135 propria
825 1053 917 1117 huius
935 1052 1067 1134 perfecti
1086 1055 1217 1116 notione
1236 1055 1328 1117 dubi·

206 1166 319 1220 tamus.
365 1157 422 1219 Ab
445 1158 558 1218 eadem
581 1157 688 1217 radice
709 1155 888 1236 profectum
912 1164 961 1217 est

264 1257 265 1260 '
335 1258 517 1342 μέμονας

335 1366 371 1426 Η
391 1361 432 1440 36
459 1355 527 1424 ἀλλ’
553 1354 609 1443 ἄγε
635 1363 708 1435 πῶς
728 1360 873 1443 μέμονας
895 1355 1044 1442 πόλεμον
1075 1360 1329 1443 καταπαυσέμεν

650 1456 653 1461 ⁴
1191 1455 1328 1544 ἀνδρῶν

335 1569 371 1629 Ν
387 1580 445 1644 307
466 1563 648 1648 Δευκαλίδη
668 1566 715 1648 πῆ
734 1557 761 1627 τ’
782 1558 823 1645 ἂρ
834 1564 977 1647 μέμονας
994 1564 1179 1628 καταδῦναι
1195 1555 1328 1648 ὅμιλον;

455 1674 514 1730 etc.

208 1769 335 1854 μέμονα
358 1770 435 1848 (rad.
452 1746 529 1852 μαν,
552 1770 623 1851 μεν)
645 1788 705 1848 pro
728 1766 860 1851 *μεμηα
884 1769 960 1846 (rad.
977 1769 1043 1851 μα),
1063 1768 1151 1847 quod
1169 1788 1330 1848 nunquam

210 1880 334 1945 extare,
372 1891 466 1952 supra
504 1858 684 1932 mon'uimus
728 1873 767 1950 (p.
799 1871 864 1949 21),
894 1877 1063 1950 usurpatur
1092 1870 1159 1931 sine
1190 1868 1254 1932 ulla
1284 1871 1330 1932 di-

210 1973 387 2053 screpentia
409 1992 529 2035 sensus,
570 1969 723 2034 Conferas
747 1973 830 2033 enim
849 1975 883 2035 K
897 1988 958 2050 433
984 1969 1012 2035 εί
1034 1968 1096 2054 γὰο
1119 1968 1161 2056 δὴ
1182 1970 1331 2054 μέματον

214 2071 341 2158 Τρώων
363 2073 548 2138 καταδῦναι
571 2063 690 2156 ὅμιλον

295 2197 367 2237 cum
378 2179 414 2239 N
424 2191 483 2256 307
493 2175 676 2259 Δευκαλίδη
689 2178 737 2260 πῆ
750 2168 777 2238 τ>
790 2169 831 2256 ἂρ
845 2175 989 2258 μέμονας
1001 2174 1190 2239 καταδῦναι
1208 2167 1330 2259 ὅμιλον

295 2282 329 2342 Σ
339 2279 398 2356 156
412 2272 484 2358 τρὶς
492 2277 553 2360 μέν
562 2300 620 2360 μιν
627 2273 813 2360 μετόπισθε
825 2276 942 2340 ποδῶν
951 2273 1030 2355 λάβε
1042 2268 1331 2362 φαίδιμοςἝκτιοο

457 2375 628 2461 ἑλκέμεναι
649 2375 783 2462 μεμαώς

211 2500 283 2540 cum
311 2482 370 2558 176
389 2517 427 2524 -
446 2477 588 2562 μάλιστα
611 2480 647 2545 δε
670 2480 827 2564 φαίδιμος
841 2472 971 2564 Ἕκτωρ

412 2602 414 2607 ·
458 2580 629 2666 ἑλκέμεναι
650 2583 780 2666 μέμονε.

211 2683 260 2764 (cf.
282 2684 417 2747 Lobeck
439 2683 538 2746 rhem.
560 2705 591 2765 p.
620 2687 698 2764 129).

297 2786 364 2849 Sed
386 2786 512 2867 saepius
535 2789 577 2849 ad
599 2787 695 2847 animi
714 2795 839 2848 motum
857 2787 993 2868 pertinet
1015 2788 1142 2871 μέμονα
1161 2787 1244 2867 apud
1263 2785 1333 2847 Ho-

213 2910 346 2964 merum,
369 2891 411 2950 ad
442 2897 565 2950 motum
598 2890 739 2966 corporis
769 2885 918 2973 μεμάμεν
936 2918 978 2941 =
992 2891 1110 2951 irruere
1135 2890 1168 2950 in
1194 2885 1333 2967 aliquem

212 2992 253 3070 (Θ
280 2995 337 3054 118
361 2995 396 3056 X
415 2994 477 3066 284
501 2994 529 3055 Θ
554 3006 624 3070 327.
653 2992 763 3071 083).
818 2990 927 3072 Quare
957 2990 1071 3081 solum·
1092 3011 1150 3071 per
1176 3010 1212 3051 se
1239 2997 1334 3051 extat

212 3089 370 3176 μεμάμεν,
403 3114 500 3173 quum
523 3091 667 3174 perfecto
688 3093 816 3177 μέμονα
839 3113 967 3174 semper
998 3093 1141 3155 additum
1165 3093 1214 3165 sit,
1246 3092 1335 3171 quod

213 3195 341 3274 assequi
363 3193 494 3255 studeat
517 3197 641 3257 animus
665 3196 788 3274 (11435
816 3199 845 3259 Φ
869 3197 941 3274 315)

271 3464 298 3509 2.
323 3449 469 3528 Perfecta
491 3469 573 3529 quae
597 3450 644 3510 ad
660 3453 833 3528 perfectam
856 3451 1003 3513 actionem
1025 3460 1165 3530 spectant
1185 3449 1275 3529 (usus

541 3551 682 3631 perfecti
700 3573 773 3614 vere
796 3553 1001 3636 temporalis).

300 3703 366 3766 Iam
389 3724 484 3784 supra
506 3705 642 3766 vidimus
664 3707 816 3786 perfect0‚
839 3707 950 3768 iterata
973 3706 1087 3778 radice,
1112 3704 1337 3765 condicionem

216 3805 393 3888 significari,
416 3826 498 3887 quae
528 3808 597 3886 ipsa
619 3809 752 3883 actione,
784 3829 865 3888 quae
894 3828 982 3870 mera
1004 3806 1108 3869 radice
1137 3808 1339 3887 exprimitur,

215 3910 256 3971 sit
287 3908 412 3984 effecta,
443 3917 478 3971 ut
508 3904 624 3972 κεύθω
647 3937 688 3959 =
706 3910 814 3972 oculto
837 3910 970 3990 aliquid,
1002 3905 1151 3974 κεκεύθα
1175 3908 1339 3971 occultum
