<?xml version="1.0" encoding="UTF-8"?>
<!DOCTYPE html PUBLIC "-//W3C//DTD XHTML 1.0 Transitional//EN"
    "http://www.w3.org/TR/xhtml1/DTD/xhtml1-transitional.dtd">
<html xmlns="http://www.w3.org/1999/xhtml" xml:lang="en" lang="en">
 <head>
  <title>
</title>
<meta http-equiv="Content-Type" content="text/html;charset=utf-8" />
  <meta name='ocr-system' content='tesseract 3.04.00' />
  <meta name='ocr-capabilities' content='ocr_page ocr_carea ocr_par ocr_line ocrx_word'/>
</head>
<body>
  <div class='ocr_page' id='page_1' title='image "./quaestionesdepe00loebgoog_0075.png"; bbox 0 0 2940 4566; ppageno 0'>
   <div class='ocr_carea' id='block_1_1' title="bbox 183 474 1310 1412">
    <p class='ocr_par' dir='ltr' id='par_1_1' title="bbox 183 474 1308 965">
     <span class='ocr_line' id='line_1_1' title="bbox 183 474 1308 558; baseline 0.001 -19"><span class='ocrx_word' id='word_1_1' title='bbox 183 498 274 539; x_wconf 91' lang='lat' dir='ltr'>usum</span> <span class='ocrx_word' id='word_1_2' title='bbox 297 477 434 547; x_wconf 89' lang='lat' dir='ltr'>accedit,</span> <span class='ocrx_word' id='word_1_3' title='bbox 458 485 492 537; x_wconf 92' lang='lat' dir='ltr'>ut</span> <span class='ocrx_word' id='word_1_4' title='bbox 515 475 594 537; x_wconf 88' lang='lat' dir='ltr'>haec</span> <span class='ocrx_word' id='word_1_5' title='bbox 618 474 722 536; x_wconf 84' lang='lat' dir='ltr'>forma</span> <span class='ocrx_word' id='word_1_6' title='bbox 744 479 860 538; x_wconf 89' lang='lat' dir='ltr'>rectius</span> <span class='ocrx_word' id='word_1_7' title='bbox 883 499 942 558; x_wconf 89' lang='lat' dir='ltr'>pro</span> <span class='ocrx_word' id='word_1_8' title='bbox 975 477 1119 558; x_wconf 82' lang='lat' dir='ltr'>perfecto</span> <span class='ocrx_word' id='word_1_9' title='bbox 1143 499 1250 558; x_wconf 87' lang='lat' dir='ltr'>quam,</span> <span class='ocrx_word' id='word_1_10' title='bbox 1274 488 1308 540; x_wconf 93' lang='lat' dir='ltr'>ut</span> 
     </span>
     <span class='ocr_line' id='line_1_2' title="bbox 185 577 1224 659; baseline 0.004 -19"><span class='ocrx_word' id='word_1_11' title='bbox 185 580 315 659; x_wconf 88' lang='lat' dir='ltr'>quidam</span> <span class='ocrx_word' id='word_1_12' title='bbox 341 580 521 659; x_wconf 83' lang='lat' dir='ltr'>opinantur,</span> <span class='ocrx_word' id='word_1_13' title='bbox 543 598 603 658; x_wconf 91' lang='lat' dir='ltr'>pro</span> <span class='ocrx_word' id='word_1_14' title='bbox 626 580 787 658; x_wconf 79' lang='lat' dir='ltr'>praesenti</span> <span class='ocrx_word' id='word_1_15' title='bbox 809 577 958 641; x_wconf 90' lang='lat' dir='ltr'>habenda</span> <span class='ocrx_word' id='word_1_16' title='bbox 979 600 1049 641; x_wconf 85' lang='lat' dir='ltr'>esse</span> <span class='ocrx_word' id='word_1_17' title='bbox 1071 582 1224 644; x_wconf 91' lang='lat' dir='ltr'>videatur.</span> 
     </span>
     <span class='ocr_line' id='line_1_3' title="bbox 311 696 557 779; baseline -0.004 -18"><span class='ocrx_word' id='word_1_18' title='bbox 311 696 557 779; x_wconf 77' lang='grc' dir='ltr'><em>δεδεγμένος</em></span> 
     </span>
     <span class='ocr_line' id='line_1_4' title="bbox 311 794 1235 886; baseline 0.002 -23"><span class='ocrx_word' id='word_1_19' title='bbox 311 801 336 863; x_wconf 87' lang='grc' dir='ltr'><em>Δ</em></span> <span class='ocrx_word' id='word_1_20' title='bbox 364 814 420 878; x_wconf 92' lang='lat'>107</span> <span class='ocrx_word' id='word_1_21' title='bbox 444 794 542 878; x_wconf 77' lang='grc' dir='ltr'>(αἷμα)</span> <span class='ocrx_word' id='word_1_22' title='bbox 565 799 688 883; x_wconf 78' lang='grc' dir='ltr'><strong><em>πέτρης</em></strong></span> <span class='ocrx_word' id='word_1_23' title='bbox 710 799 911 878; x_wconf 78' lang='grc' dir='ltr'><strong><em>ἐκβαίνοντα</em></strong></span> <span class='ocrx_word' id='word_1_24' title='bbox 934 801 962 865; x_wconf 90' lang='grc' dir='ltr'>δ.</span> <span class='ocrx_word' id='word_1_25' title='bbox 986 801 1023 866; x_wconf 83' lang='grc' dir='ltr'>έν</span> <span class='ocrx_word' id='word_1_26' title='bbox 1045 801 1235 886; x_wconf 74' lang='grc' dir='ltr'><em>προδοκῇσι</em></span> 
     </span>
     <span class='ocr_line' id='line_1_5' title="bbox 451 910 511 965; baseline 0.033 -2"><span class='ocrx_word' id='word_1_27' title='bbox 451 910 511 965; x_wconf 86' lang='lat' dir='ltr'>etc.</span> 
     </span>
    </p>

    <p class='ocr_par' dir='ltr' id='par_1_2' title="bbox 183 1021 1310 1412">
     <span class='ocr_line' id='line_1_6' title="bbox 268 1021 1305 1104; baseline 0.001 -19"><span class='ocrx_word' id='word_1_28' title='bbox 268 1021 436 1102; x_wconf 84' lang='lat' dir='ltr'>Significat</span> <span class='ocrx_word' id='word_1_29' title='bbox 458 1021 636 1102; x_wconf 85' lang='lat' dir='ltr'>perfectum</span> <span class='ocrx_word' id='word_1_30' title='bbox 666 1024 825 1103; x_wconf 87' lang='lat' dir='ltr'>excipere,</span> <span class='ocrx_word' id='word_1_31' title='bbox 857 1043 980 1104; x_wconf 85' lang='lat' dir='ltr'>capere,</span> <span class='ocrx_word' id='word_1_32' title='bbox 1004 1044 1133 1086; x_wconf 89' lang='lat' dir='ltr'>manere</span> <span class='ocrx_word' id='word_1_33' title='bbox 1167 1025 1305 1104; x_wconf 87' lang='lat' dir='ltr'>aliquem</span> 
     </span>
     <span class='ocr_line' id='line_1_7' title="bbox 185 1124 1310 1207; baseline 0.002 -21"><span class='ocrx_word' id='word_1_34' title='bbox 185 1135 240 1186; x_wconf 87' lang='lat' dir='ltr'>aut</span> <span class='ocrx_word' id='word_1_35' title='bbox 256 1124 383 1204; x_wconf 86' lang='lat' dir='ltr'>aliquid,</span> <span class='ocrx_word' id='word_1_36' title='bbox 402 1126 446 1187; x_wconf 87' lang='lat' dir='ltr'>ita</span> <span class='ocrx_word' id='word_1_37' title='bbox 462 1133 497 1186; x_wconf 94' lang='lat' dir='ltr'>ut</span> <span class='ocrx_word' id='word_1_38' title='bbox 520 1132 591 1186; x_wconf 88' lang='lat' dir='ltr'>tota</span> <span class='ocrx_word' id='word_1_39' title='bbox 613 1126 698 1186; x_wconf 89' lang='lat' dir='ltr'>actio</span> <span class='ocrx_word' id='word_1_40' title='bbox 717 1124 938 1206; x_wconf 86' lang='lat' dir='ltr'>proficiscatur</span> <span class='ocrx_word' id='word_1_41' title='bbox 961 1125 1002 1187; x_wconf 89' lang='lat' dir='ltr'>ab</span> <span class='ocrx_word' id='word_1_42' title='bbox 1025 1145 1097 1200; x_wconf 90' lang='lat' dir='ltr'>un0‚</span> <span class='ocrx_word' id='word_1_43' title='bbox 1116 1128 1169 1205; x_wconf 92' lang='lat' dir='ltr'>qui</span> <span class='ocrx_word' id='word_1_44' title='bbox 1188 1129 1310 1207; x_wconf 87' lang='lat' dir='ltr'>excipit</span> 
     </span>
     <span class='ocr_line' id='line_1_8' title="bbox 183 1226 1308 1309; baseline 0.001 -19"><span class='ocrx_word' id='word_1_45' title='bbox 183 1237 237 1290; x_wconf 88' lang='lat' dir='ltr'>aut</span> <span class='ocrx_word' id='word_1_46' title='bbox 253 1236 363 1290; x_wconf 90' lang='lat' dir='ltr'>manet</span> <span class='ocrx_word' id='word_1_47' title='bbox 377 1226 526 1307; x_wconf 87' lang='lat' dir='ltr'>aliquem,</span> <span class='ocrx_word' id='word_1_48' title='bbox 550 1247 647 1307; x_wconf 92' lang='lat' dir='ltr'>quum</span> <span class='ocrx_word' id='word_1_49' title='bbox 671 1229 705 1302; x_wconf 88' lang='lat' dir='ltr'>is,</span> <span class='ocrx_word' id='word_1_50' title='bbox 728 1230 769 1290; x_wconf 89' lang='lat' dir='ltr'>ad</span> <span class='ocrx_word' id='word_1_51' title='bbox 792 1249 889 1309; x_wconf 88' lang='lat' dir='ltr'>quem</span> <span class='ocrx_word' id='word_1_52' title='bbox 913 1232 998 1292; x_wconf 90' lang='lat' dir='ltr'>actio</span> <span class='ocrx_word' id='word_1_53' title='bbox 1021 1231 1170 1309; x_wconf 85' lang='lat' dir='ltr'>pertinet,</span> <span class='ocrx_word' id='word_1_54' title='bbox 1193 1231 1308 1291; x_wconf 89' lang='lat' dir='ltr'>invitus</span> 
     </span>
     <span class='ocr_line' id='line_1_9' title="bbox 184 1329 1309 1412; baseline 0.002 -22"><span class='ocrx_word' id='word_1_55' title='bbox 184 1329 294 1408; x_wconf 87' lang='lat' dir='ltr'>faciat,</span> <span class='ocrx_word' id='word_1_56' title='bbox 328 1339 363 1391; x_wconf 90' lang='lat' dir='ltr'>ut</span> <span class='ocrx_word' id='word_1_57' title='bbox 390 1329 452 1391; x_wconf 89' lang='lat' dir='ltr'>hoe</span> <span class='ocrx_word' id='word_1_58' title='bbox 475 1331 622 1409; x_wconf 87' lang='lat' dir='ltr'>patiatur.</span> <span class='ocrx_word' id='word_1_59' title='bbox 667 1329 821 1392; x_wconf 86' lang='lat' dir='ltr'>Praesens</span> <span class='ocrx_word' id='word_1_60' title='bbox 844 1339 954 1393; x_wconf 89' lang='lat' dir='ltr'>autem</span> <span class='ocrx_word' id='word_1_61' title='bbox 976 1330 1065 1393; x_wconf 89' lang='lat' dir='ltr'>valet</span> <span class='ocrx_word' id='word_1_62' title='bbox 1087 1333 1233 1412; x_wconf 90' lang='lat' dir='ltr'>accipere</span> <span class='ocrx_word' id='word_1_63' title='bbox 1255 1331 1309 1393; x_wconf 94' lang='lat' dir='ltr'>ali·</span> 
     </span>
    </p>
   </div>
   <div class='ocr_carea' id='block_1_2' title="bbox 183 1430 1308 1616">
    <p class='ocr_par' dir='ltr' id='par_1_3' title="bbox 183 1430 1308 1616">
     <span class='ocr_line' id='line_1_10' title="bbox 183 1430 1308 1514; baseline 0.002 -22"><span class='ocrx_word' id='word_1_64' title='bbox 183 1433 267 1511; x_wconf 91' lang='lat' dir='ltr'>quid,</span> <span class='ocrx_word' id='word_1_65' title='bbox 291 1432 379 1510; x_wconf 92' lang='lat' dir='ltr'>quod</span> <span class='ocrx_word' id='word_1_66' title='bbox 402 1430 540 1493; x_wconf 87' lang='lat' dir='ltr'>libenter</span> <span class='ocrx_word' id='word_1_67' title='bbox 562 1433 708 1512; x_wconf 86' lang='lat' dir='ltr'>porrigat</span> <span class='ocrx_word' id='word_1_68' title='bbox 730 1431 817 1497; x_wconf 84' lang='lat' dir='ltr'>alter.</span> <span class='ocrx_word' id='word_1_69' title='bbox 861 1434 970 1494; x_wconf 89' lang='lat' dir='ltr'>Radix</span> <span class='ocrx_word' id='word_1_70' title='bbox 991 1453 1075 1514; x_wconf 90' lang='lat' dir='ltr'>quae</span> <span class='ocrx_word' id='word_1_71' title='bbox 1094 1432 1240 1495; x_wconf 89' lang='lat' dir='ltr'>subiecta</span> <span class='ocrx_word' id='word_1_72' title='bbox 1258 1442 1308 1494; x_wconf 92' lang='lat' dir='ltr'>est</span> 
     </span>
     <span class='ocr_line' id='line_1_11' title="bbox 184 1533 1308 1616; baseline 0.001 -21"><span class='ocrx_word' id='word_1_73' title='bbox 184 1534 257 1596; x_wconf 89' lang='lat' dir='ltr'>huie</span> <span class='ocrx_word' id='word_1_74' title='bbox 274 1533 384 1608; x_wconf 89' lang='lat' dir='ltr'>verb0,</span> <span class='ocrx_word' id='word_1_75' title='bbox 407 1533 566 1614; x_wconf 87' lang='lat' dir='ltr'>signifieat</span> <span class='ocrx_word' id='word_1_76' title='bbox 583 1536 714 1615; x_wconf 86' lang='lat' dir='ltr'>proprie</span> <span class='ocrx_word' id='word_1_77' title='bbox 737 1536 846 1615; x_wconf 88' lang='lat' dir='ltr'>digitis</span> <span class='ocrx_word' id='word_1_78' title='bbox 862 1535 1112 1616; x_wconf 88' lang='lat' dir='ltr'>deprehendere,</span> <span class='ocrx_word' id='word_1_79' title='bbox 1129 1536 1308 1614; x_wconf 89' lang='lat' dir='ltr'>eademque</span> 
     </span>
    </p>
   </div>
   <div class='ocr_carea' id='block_1_3' title="bbox 183 1631 1425 1718">
    <p class='ocr_par' dir='ltr' id='par_1_4' title="bbox 183 1631 1425 1718">
     <span class='ocr_line' id='line_1_12' title="bbox 183 1631 1425 1718; baseline 0 -20"><span class='ocrx_word' id='word_1_80' title='bbox 183 1646 232 1699; x_wconf 94' lang='lat' dir='ltr'>est</span> <span class='ocrx_word' id='word_1_81' title='bbox 261 1645 359 1716; x_wconf 91' lang='lat' dir='ltr'>atque</span> <span class='ocrx_word' id='word_1_82' title='bbox 389 1636 582 1698; x_wconf 84' lang='lat' dir='ltr'>substantivi</span> <span class='ocrx_word' id='word_1_83' title='bbox 614 1631 779 1711; x_wconf 79' lang='grc' dir='ltr'><em>δάκτυλος</em></span> <span class='ocrx_word' id='word_1_84' title='bbox 811 1637 859 1716; x_wconf 85' lang='lat' dir='ltr'>(cf.</span> <span class='ocrx_word' id='word_1_85' title='bbox 883 1637 986 1718; x_wconf 83' lang='lat' dir='ltr'>finger</span> <span class='ocrx_word' id='word_1_86' title='bbox 1017 1647 1050 1701; x_wconf 91' lang='lat' dir='ltr'>et</span> <span class='ocrx_word' id='word_1_87' title='bbox 1082 1636 1198 1718; x_wconf 78' lang='lat' dir='ltr'>langen</span> <span class='ocrx_word' id='word_1_88' title='bbox 1222 1635 1308 1699; x_wconf 86' lang='lat' dir='ltr'>Curt.</span> <span class='ocrx_word' id='word_1_89' title='bbox 1421 1657 1425 1663; x_wconf 64' lang='grc'><em>’</em></span> 
     </span>
    </p>
   </div>
   <div class='ocr_carea' id='block_1_4' title="bbox 182 1737 1310 2861">
    <p class='ocr_par' dir='ltr' id='par_1_5' title="bbox 182 1737 1310 2861">
     <span class='ocr_line' id='line_1_13' title="bbox 182 1737 1310 1820; baseline 0.002 -20"><span class='ocrx_word' id='word_1_90' title='bbox 182 1739 515 1820; x_wconf 82' lang='lat' dir='ltr'>Etym.³p.112.129).</span> <span class='ocrx_word' id='word_1_91' title='bbox 539 1737 644 1818; x_wconf 82' lang='lat' dir='ltr'>Quam</span> <span class='ocrx_word' id='word_1_92' title='bbox 658 1739 822 1818; x_wconf 86' lang='lat' dir='ltr'>propriam</span> <span class='ocrx_word' id='word_1_93' title='bbox 844 1740 1008 1802; x_wconf 90' lang='lat' dir='ltr'>notionem</span> <span class='ocrx_word' id='word_1_94' title='bbox 1023 1739 1223 1802; x_wconf 89' lang='lat' dir='ltr'>debilitatam</span> <span class='ocrx_word' id='word_1_95' title='bbox 1239 1760 1310 1802; x_wconf 89' lang='lat' dir='ltr'>esse</span> 
     </span>
     <span class='ocr_line' id='line_1_14' title="bbox 182 1838 1308 1924; baseline -0.001 -21"><span class='ocrx_word' id='word_1_96' title='bbox 182 1851 279 1921; x_wconf 89' lang='lat' dir='ltr'>atque</span> <span class='ocrx_word' id='word_1_97' title='bbox 289 1848 488 1902; x_wconf 87' lang='lat' dir='ltr'>attenuatam</span> <span class='ocrx_word' id='word_1_98' title='bbox 499 1838 603 1901; x_wconf 95' lang='lat' dir='ltr'>elucet</span> <span class='ocrx_word' id='word_1_99' title='bbox 613 1860 710 1919; x_wconf 92' lang='lat' dir='ltr'>quum</span> <span class='ocrx_word' id='word_1_100' title='bbox 723 1861 762 1902; x_wconf 92' lang='lat' dir='ltr'>ex</span> <span class='ocrx_word' id='word_1_101' title='bbox 772 1860 822 1917; x_wconf 86' lang='lat' dir='ltr'>e0,</span> <span class='ocrx_word' id='word_1_102' title='bbox 833 1842 922 1920; x_wconf 93' lang='lat' dir='ltr'>quod</span> <span class='ocrx_word' id='word_1_103' title='bbox 932 1840 1128 1924; x_wconf 83' lang='grc' dir='ltr'><em>δεδεγμένος</em></span> <span class='ocrx_word' id='word_1_104' title='bbox 1138 1843 1179 1902; x_wconf 91' lang='lat' dir='ltr'>de</span> <span class='ocrx_word' id='word_1_105' title='bbox 1192 1842 1259 1902; x_wconf 90' lang='lat' dir='ltr'>reb</span> <span class='ocrx_word' id='word_1_106' title='bbox 1268 1862 1308 1902; x_wconf 96' lang='lat' dir='ltr'>us</span> 
     </span>
     <span class='ocr_line' id='line_1_15' title="bbox 183 1941 1309 2026; baseline 0 -22"><span class='ocrx_word' id='word_1_107' title='bbox 183 1946 304 2004; x_wconf 83' lang='lat' dir='ltr'>&lt;lictum</span> <span class='ocrx_word' id='word_1_108' title='bbox 315 1951 372 2017; x_wconf 89' lang='lat' dir='ltr'>est,</span> <span class='ocrx_word' id='word_1_109' title='bbox 383 1944 455 2003; x_wconf 85' lang='lat' dir='ltr'>ac&#39;si</span> <span class='ocrx_word' id='word_1_110' title='bbox 465 1962 593 2002; x_wconf 88' lang='lat' dir='ltr'>manere</span> <span class='ocrx_word' id='word_1_111' title='bbox 607 1941 746 2022; x_wconf 88' lang='lat' dir='ltr'>aliquem</span> <span class='ocrx_word' id='word_1_112' title='bbox 756 1952 890 2022; x_wconf 86' lang='lat' dir='ltr'>possent</span> <span class='ocrx_word' id='word_1_113' title='bbox 909 1944 956 2022; x_wconf 79' lang='grc' dir='ltr'>(Ψ</span> <span class='ocrx_word' id='word_1_114' title='bbox 962 1959 1022 2024; x_wconf 82' lang='lat'>273</span> <span class='ocrx_word' id='word_1_115' title='bbox 1041 1958 1133 2026; x_wconf 86' lang='grc' dir='ltr'>χ470</span> <span class='ocrx_word' id='word_1_116' title='bbox 1151 1941 1188 2004; x_wconf 85' lang='lat' dir='ltr'>ef.</span> <span class='ocrx_word' id='word_1_117' title='bbox 1200 1943 1309 2004; x_wconf 91' lang='lat' dir='ltr'>Fried-</span> 
     </span>
     <span class='ocr_line' id='line_1_16' title="bbox 183 2043 1308 2126; baseline -0.001 -20"><span class='ocrx_word' id='word_1_118' title='bbox 183 2045 313 2106; x_wconf 86' lang='lat' dir='ltr'>laender</span> <span class='ocrx_word' id='word_1_119' title='bbox 331 2047 408 2106; x_wconf 84' lang='lat' dir='ltr'>zwei</span> <span class='ocrx_word' id='word_1_120' title='bbox 426 2045 549 2106; x_wconf 88' lang='lat' dir='ltr'>homer.</span> <span class='ocrx_word' id='word_1_121' title='bbox 559 2044 819 2108; x_wconf 79' lang='lat' dir='ltr'>wortverzeichn.</span> <span class='ocrx_word' id='word_1_122' title='bbox 830 2044 911 2125; x_wconf 86' lang='lat' dir='ltr'>Jahn</span> <span class='ocrx_word' id='word_1_123' title='bbox 931 2066 1002 2109; x_wconf 83' lang='lat' dir='ltr'>ann.</span> <span class='ocrx_word' id='word_1_124' title='bbox 1013 2045 1056 2106; x_wconf 93' lang='grc' dir='ltr'>ΙΙΙ</span> <span class='ocrx_word' id='word_1_125' title='bbox 1069 2043 1172 2126; x_wconf 93' lang='lat' dir='ltr'>suppl.</span> <span class='ocrx_word' id='word_1_126' title='bbox 1182 2066 1214 2125; x_wconf 91' lang='lat' dir='ltr'>p.</span> <span class='ocrx_word' id='word_1_127' title='bbox 1225 2047 1308 2125; x_wconf 82' lang='lat'>773),</span> 
     </span>
     <span class='ocr_line' id='line_1_17' title="bbox 182 2144 1308 2237; baseline -0.001 -29"><span class='ocrx_word' id='word_1_128' title='bbox 182 2156 251 2208; x_wconf 87' lang='lat' dir='ltr'>tum</span> <span class='ocrx_word' id='word_1_129' title='bbox 270 2145 604 2228; x_wconf 72' lang='grc' dir='ltr'><em>σαοδποτιδέχμενος</em></span> <span class='ocrx_word' id='word_1_130' title='bbox 612 2144 662 2206; x_wconf 90' lang='lat' dir='ltr'>bis</span> <span class='ocrx_word' id='word_1_131' title='bbox 680 2147 711 2207; x_wconf 94' lang='lat' dir='ltr'>in</span> <span class='ocrx_word' id='word_1_132' title='bbox 728 2145 829 2207; x_wconf 92' lang='lat' dir='ltr'>Iliade</span> <span class='ocrx_word' id='word_1_133' title='bbox 838 2147 870 2225; x_wconf 89' lang='lat' dir='ltr'>(I</span> <span class='ocrx_word' id='word_1_134' title='bbox 880 2149 942 2209; x_wconf 88' lang='lat'>628</span> <span class='ocrx_word' id='word_1_135' title='bbox 953 2151 983 2210; x_wconf 88' lang='lat' dir='ltr'><em>B</em></span> <span class='ocrx_word' id='word_1_136' title='bbox 1001 2149 1070 2227; x_wconf 84' lang='lat'>137)</span> <span class='ocrx_word' id='word_1_137' title='bbox 1092 2146 1189 2237; x_wconf 68' lang='lat' dir='ltr'>bisin</span> <span class='ocrx_word' id='word_1_138' title='bbox 1201 2146 1308 2225; x_wconf 83' lang='lat' dir='ltr'>Odys-</span> 
     </span>
     <span class='ocr_line' id='line_1_18' title="bbox 183 2250 1307 2330; baseline -0.001 -20"><span class='ocrx_word' id='word_1_139' title='bbox 183 2271 237 2311; x_wconf 90' lang='lat' dir='ltr'>sea</span> <span class='ocrx_word' id='word_1_140' title='bbox 261 2251 291 2328; x_wconf 72' lang='grc' dir='ltr'>(β</span> <span class='ocrx_word' id='word_1_141' title='bbox 314 2262 373 2327; x_wconf 82' lang='lat'>205</span> <span class='ocrx_word' id='word_1_142' title='bbox 399 2271 423 2329; x_wconf 86' lang='grc' dir='ltr'><em>φ</em></span> <span class='ocrx_word' id='word_1_143' title='bbox 450 2250 519 2329; x_wconf 86' lang='grc'>156)</span> <span class='ocrx_word' id='word_1_144' title='bbox 543 2250 606 2310; x_wconf 89' lang='lat' dir='ltr'>iam</span> <span class='ocrx_word' id='word_1_145' title='bbox 629 2268 687 2329; x_wconf 89' lang='lat' dir='ltr'>per</span> <span class='ocrx_word' id='word_1_146' title='bbox 709 2269 744 2310; x_wconf 91' lang='lat' dir='ltr'>se</span> <span class='ocrx_word' id='word_1_147' title='bbox 767 2250 908 2329; x_wconf 90' lang='lat' dir='ltr'>positum</span> <span class='ocrx_word' id='word_1_148' title='bbox 925 2258 975 2312; x_wconf 90' lang='lat' dir='ltr'>est</span> <span class='ocrx_word' id='word_1_149' title='bbox 993 2280 1035 2300; x_wconf 94' lang='lat'>=</span> <span class='ocrx_word' id='word_1_150' title='bbox 1050 2250 1192 2330; x_wconf 88' lang='lat' dir='ltr'>pendere</span> <span class='ocrx_word' id='word_1_151' title='bbox 1211 2251 1307 2310; x_wconf 91' lang='lat' dir='ltr'>animi</span> 
     </span>
     <span class='ocr_line' id='line_1_19' title="bbox 184 2349 1307 2433; baseline -0.001 -20"><span class='ocrx_word' id='word_1_152' title='bbox 184 2354 438 2432; x_wconf 87' lang='lat' dir='ltr'>exspectatione,</span> <span class='ocrx_word' id='word_1_153' title='bbox 461 2369 559 2431; x_wconf 93' lang='lat' dir='ltr'>quum</span> <span class='ocrx_word' id='word_1_154' title='bbox 583 2353 613 2412; x_wconf 93' lang='lat' dir='ltr'>in</span> <span class='ocrx_word' id='word_1_155' title='bbox 637 2351 765 2433; x_wconf 88' lang='lat' dir='ltr'>reliquis</span> <span class='ocrx_word' id='word_1_156' title='bbox 789 2349 867 2412; x_wconf 92' lang='lat' dir='ltr'>locis</span> <span class='ocrx_word' id='word_1_157' title='bbox 895 2352 1024 2414; x_wconf 87' lang='lat' dir='ltr'>additus</span> <span class='ocrx_word' id='word_1_158' title='bbox 1048 2354 1088 2414; x_wconf 89' lang='lat' dir='ltr'>sit</span> <span class='ocrx_word' id='word_1_159' title='bbox 1106 2353 1307 2413; x_wconf 87' lang='lat' dir='ltr'>accusativus</span> 
     </span>
     <span class='ocr_line' id='line_1_20' title="bbox 184 2455 1066 2536; baseline 0 -21"><span class='ocrx_word' id='word_1_160' title='bbox 184 2459 214 2536; x_wconf 72' lang='grc' dir='ltr'>(μ</span> <span class='ocrx_word' id='word_1_161' title='bbox 242 2456 300 2516; x_wconf 82' lang='grc'>186</span> <span class='ocrx_word' id='word_1_162' title='bbox 327 2455 446 2533; x_wconf 83' lang='lat' dir='ltr'>T234)</span> <span class='ocrx_word' id='word_1_163' title='bbox 470 2462 525 2514; x_wconf 91' lang='lat' dir='ltr'>aut</span> <span class='ocrx_word' id='word_1_164' title='bbox 547 2462 618 2514; x_wconf 86' lang='lat' dir='ltr'>tota</span> <span class='ocrx_word' id='word_1_165' title='bbox 641 2456 815 2516; x_wconf 91' lang='lat' dir='ltr'>enuntiatio</span> <span class='ocrx_word' id='word_1_166' title='bbox 839 2455 886 2533; x_wconf 89' lang='lat' dir='ltr'>(H</span> <span class='ocrx_word' id='word_1_167' title='bbox 901 2456 976 2534; x_wconf 82' lang='lat'>415)</span> <span class='ocrx_word' id='word_1_168' title='bbox 1062 2489 1066 2497; x_wconf 94' lang='lat'>·</span> 
     </span>
     <span class='ocr_line' id='line_1_21' title="bbox 273 2571 582 2657; baseline 0 -21"><span class='ocrx_word' id='word_1_169' title='bbox 273 2571 276 2577; x_wconf 71' lang='grc'><strong>’</strong></span> <span class='ocrx_word' id='word_1_170' title='bbox 311 2572 582 2657; x_wconf 68' lang='grc' dir='ltr'><em>δεδοκημένος</em></span> 
     </span>
     <span class='ocr_line' id='line_1_22' title="bbox 312 2672 863 2759; baseline 0.002 -20"><span class='ocrx_word' id='word_1_171' title='bbox 312 2680 338 2739; x_wconf 90' lang='lat' dir='ltr'><em>O</em></span> <span class='ocrx_word' id='word_1_172' title='bbox 361 2690 424 2754; x_wconf 83' lang='lat'>730</span> <span class='ocrx_word' id='word_1_173' title='bbox 447 2674 668 2759; x_wconf 79' lang='grc' dir='ltr'><em>δεδοκημένος</em></span> <span class='ocrx_word' id='word_1_174' title='bbox 691 2672 776 2757; x_wconf 80' lang='grc' dir='ltr'><em>έχχει</em></span> <span class='ocrx_word' id='word_1_175' title='bbox 799 2675 863 2740; x_wconf 80' lang='grc' dir='ltr'><em>αἰεί</em></span> 
     </span>
     <span class='ocr_line' id='line_1_23' title="bbox 450 2776 1074 2861; baseline 0.006 -23"><span class='ocrx_word' id='word_1_176' title='bbox 450 2779 536 2839; x_wconf 92' lang='lat' dir='ltr'>idem</span> <span class='ocrx_word' id='word_1_177' title='bbox 560 2776 625 2840; x_wconf 84' lang='lat' dir='ltr'>fere</span> <span class='ocrx_word' id='word_1_178' title='bbox 647 2776 733 2840; x_wconf 90' lang='lat' dir='ltr'>valet</span> <span class='ocrx_word' id='word_1_179' title='bbox 756 2788 852 2859; x_wconf 91' lang='lat' dir='ltr'>atque</span> <span class='ocrx_word' id='word_1_180' title='bbox 875 2778 1074 2861; x_wconf 84' lang='grc' dir='ltr'><em>δεδεγμένος</em></span> 
     </span>
    </p>
   </div>
   <div class='ocr_carea' id='block_1_5' title="bbox 310 2896 786 3164">
    <p class='ocr_par' dir='ltr' id='par_1_6' title="bbox 310 2896 786 3164">
     <span class='ocr_line' id='line_1_24' title="bbox 312 2896 541 2978; baseline -0.009 -17"><span class='ocrx_word' id='word_1_181' title='bbox 312 2896 541 2978; x_wconf 83' lang='grc' dir='ltr'><em>δειδέχαται</em></span> 
     </span>
     <span class='ocr_line' id='line_1_25' title="bbox 310 2995 786 3083; baseline 0.004 -21"><span class='ocrx_word' id='word_1_182' title='bbox 310 3024 329 3083; x_wconf 93' lang='grc' dir='ltr'><em>η</em></span> <span class='ocrx_word' id='word_1_183' title='bbox 353 3015 392 3080; x_wconf 88' lang='lat'>72</span> <span class='ocrx_word' id='word_1_184' title='bbox 417 2998 604 3081; x_wconf 81' lang='grc' dir='ltr'><em>δειδέχαται</em></span> <span class='ocrx_word' id='word_1_185' title='bbox 626 2995 786 3083; x_wconf 75' lang='grc' dir='ltr'><em>μύθοισιν</em></span> 
     </span>
     <span class='ocr_line' id='line_1_26' title="bbox 397 3110 456 3164; baseline -0.034 0"><span class='ocrx_word' id='word_1_186' title='bbox 397 3110 456 3164; x_wconf 90' lang='lat' dir='ltr'>etc.</span> 
     </span>
    </p>
   </div>
   <div class='ocr_carea' id='block_1_6' title="bbox 184 3221 1308 3938">
    <p class='ocr_par' dir='ltr' id='par_1_7' title="bbox 184 3221 1308 3938">
     <span class='ocr_line' id='line_1_27' title="bbox 184 3221 1306 3303; baseline -0.002 -18"><span class='ocrx_word' id='word_1_187' title='bbox 184 3226 280 3285; x_wconf 83' lang='lat' dir='ltr'>notio·</span> <span class='ocrx_word' id='word_1_188' title='bbox 295 3221 430 3303; x_wconf 85' lang='lat' dir='ltr'>perfecti</span> <span class='ocrx_word' id='word_1_189' title='bbox 452 3223 508 3284; x_wconf 92' lang='lat' dir='ltr'>vix</span> <span class='ocrx_word' id='word_1_190' title='bbox 530 3221 635 3284; x_wconf 81' lang='lat' dir='ltr'>differt</span> <span class='ocrx_word' id='word_1_191' title='bbox 653 3244 673 3283; x_wconf 88' lang='lat' dir='ltr'>a</span> <span class='ocrx_word' id='word_1_192' title='bbox 694 3225 874 3303; x_wconf 90' lang='lat' dir='ltr'>praesentis</span> <span class='ocrx_word' id='word_1_193' title='bbox 898 3224 1037 3297; x_wconf 88' lang='lat' dir='ltr'>notione,</span> <span class='ocrx_word' id='word_1_194' title='bbox 1066 3224 1153 3302; x_wconf 94' lang='lat' dir='ltr'>quod</span> <span class='ocrx_word' id='word_1_195' title='bbox 1176 3223 1306 3302; x_wconf 92' lang='lat' dir='ltr'>quidem</span> 
     </span>
     <span class='ocr_line' id='line_1_28' title="bbox 184 3308 1308 3409; baseline -0.003 -21"><span class='ocrx_word' id='word_1_196' title='bbox 184 3308 437 3388; x_wconf 39' lang='lat' dir='ltr'>eandem&#39;habet</span> <span class='ocrx_word' id='word_1_197' title='bbox 455 3323 750 3405; x_wconf 88' lang='lat' dir='ltr'>reduplicationem,</span> <span class='ocrx_word' id='word_1_198' title='bbox 774 3324 980 3408; x_wconf 86' lang='grc' dir='ltr'><em>δειδέσκομαι</em></span> <span class='ocrx_word' id='word_1_199' title='bbox 999 3323 1048 3405; x_wconf 85' lang='lat' dir='ltr'>(cf.</span> <span class='ocrx_word' id='word_1_200' title='bbox 1068 3347 1087 3409; x_wconf 81' lang='grc' dir='ltr'><em>γ</em></span> <span class='ocrx_word' id='word_1_201' title='bbox 1104 3342 1141 3401; x_wconf 84' lang='lat'>41</span> <span class='ocrx_word' id='word_1_202' title='bbox 1164 3325 1308 3407; x_wconf 77' lang='grc' dir='ltr'><em>χρυσείῳ</em></span> 
     </span>
     <span class='ocr_line' id='line_1_29' title="bbox 185 3422 1305 3511; baseline -0.002 -20"><span class='ocrx_word' id='word_1_203' title='bbox 185 3428 282 3492; x_wconf 80' lang='grc' dir='ltr'><em>δέπαϊ</em></span> <span class='ocrx_word' id='word_1_204' title='bbox 319 3422 567 3511; x_wconf 86' lang='grc' dir='ltr'><em>δειδισκόμενος</em></span> <span class='ocrx_word' id='word_1_205' title='bbox 604 3427 640 3491; x_wconf 88' lang='grc' dir='ltr'><em>δε</em></span> <span class='ocrx_word' id='word_1_206' title='bbox 679 3424 863 3511; x_wconf 79' lang='grc' dir='ltr'><em>προσηύδα)</em></span> <span class='ocrx_word' id='word_1_207' title='bbox 901 3426 987 3492; x_wconf 87' lang='lat' dir='ltr'>Curt.</span> <span class='ocrx_word' id='word_1_208' title='bbox 1024 3436 1122 3508; x_wconf 91' lang='lat' dir='ltr'>temp.</span> <span class='ocrx_word' id='word_1_209' title='bbox 1158 3448 1185 3488; x_wconf 91' lang='lat' dir='ltr'>u.</span> <span class='ocrx_word' id='word_1_210' title='bbox 1218 3427 1305 3489; x_wconf 88' lang='lat' dir='ltr'>mod.</span> 
     </span>
     <span class='ocr_line' id='line_1_30' title="bbox 184 3544 308 3609; baseline -0.008 0"><span class='ocrx_word' id='word_1_211' title='bbox 184 3549 214 3609; x_wconf 87' lang='lat' dir='ltr'>P·</span> <span class='ocrx_word' id='word_1_212' title='bbox 241 3544 308 3609; x_wconf 65' lang='lat'>173·</span> 
     </span>
     <span class='ocr_line' id='line_1_31' title="bbox 311 3645 471 3733; baseline 0.006 -21"><span class='ocrx_word' id='word_1_213' title='bbox 311 3645 471 3733; x_wconf 76' lang='grc' dir='ltr'><em>ἔσσυμαι</em></span> 
     </span>
     <span class='ocr_line' id='line_1_32' title="bbox 311 3751 776 3834; baseline 0.002 -20"><span class='ocrx_word' id='word_1_214' title='bbox 311 3755 348 3814; x_wconf 92' lang='grc' dir='ltr'><em>Ν</em></span> <span class='ocrx_word' id='word_1_215' title='bbox 369 3769 408 3830; x_wconf 83' lang='grc'>79</span> <span class='ocrx_word' id='word_1_216' title='bbox 429 3787 471 3797; x_wconf 91' lang='lat'>—-</span> <span class='ocrx_word' id='word_1_217' title='bbox 494 3751 596 3834; x_wconf 78' lang='grc' dir='ltr'><em>νέρθε</em></span> <span class='ocrx_word' id='word_1_218' title='bbox 619 3751 657 3816; x_wconf 87' lang='grc' dir='ltr'>δέ</span> <span class='ocrx_word' id='word_1_219' title='bbox 677 3754 776 3816; x_wconf 87' lang='grc' dir='ltr'><em>ποσσί</em></span> 
     </span>
     <span class='ocr_line' id='line_1_33' title="bbox 428 3848 826 3938; baseline 0 -21"><span class='ocrx_word' id='word_1_220' title='bbox 428 3850 563 3937; x_wconf 81' lang='grc' dir='ltr'><em>ἐὀονμαι</em></span> <span class='ocrx_word' id='word_1_221' title='bbox 587 3848 826 3938; x_wconf 80' lang='grc' dir='ltr'><em>ἀμφοτέροισιν</em></span> 
     </span>
    </p>
   </div>
   <div class='ocr_carea' id='block_1_7' title="bbox 451 3952 696 4040">
    <p class='ocr_par' dir='ltr' id='par_1_8' title="bbox 451 3952 696 4040">
     <span class='ocr_line' id='line_1_34' title="bbox 451 3952 696 4040; baseline 0.008 -23"><span class='ocrx_word' id='word_1_222' title='bbox 451 3954 500 4039; x_wconf 77' lang='lat' dir='ltr'>(cf.</span> <span class='ocrx_word' id='word_1_223' title='bbox 523 3952 696 4040; x_wconf 74' lang='lat' dir='ltr'>pepoipsvll</span> 
     </span>
    </p>
   </div>
   <div class='ocr_carea' id='block_1_8' title="bbox 0 0 1474 4566">
    <p class='ocr_par' dir='ltr' id='par_1_9' title="bbox 0 0 1474 4566">
     <span class='ocr_line' id='line_1_35' title="bbox 0 0 1474 4566; baseline 0 0"><span class='ocrx_word' id='word_1_224' title='bbox 0 0 1474 4566; x_wconf 95' lang='lat' dir='ltr'> </span> 
     </span>
    </p>
   </div>
  </div>
 </body>
</html>
