2940 4566
636 306 847 367 „58-

181 497 310 557 semper
331 477 373 542 sit
405 476 551 538 additum
583 476 651 537 sive
674 475 830 537 infinitivo
853 475 958 554 (1189
988 476 1180 540 λελαλεσθαι
1204 476 1301 538 πολε-

180 579 286 663 μίζειν
309 582 346 642 Ν
364 591 423 657 253
448 601 468 642 ο
492 581 562 656 308.
586 591 646 657 327
664 577 715 656 al.)
738 578 806 638 sive
824 576 1028 639 substantivo
1050 579 1082 658 (ν
1102 594 1137 656 31
1157 571 1301 658 δόρποιο

180 681 351 758 λιλαίεται,
372 683 405 745 Γ
428 696 485 758 133
509 679 691 762 πολέμοιο).
743 675 923 740 Perfectum
955 688 1062 741 autem
1089 678 1238 761 λελὶημαι
1259 677 1301 738 ad

180 783 403 845 condicionem
422 783 562 862 pertinet
578 781 795 861 affectumque
813 782 918 856 animi,
941 790 976 843 ut
993 781 1099 843 valeat
1114 778 1302 868 λελιημένος

180 884 348 947 affectibus
368 886 556 959 concitatus
579 884 802 958 vehemens,
832 893 983 964 recteque
1006 882 1180 964 explicavit
1201 881 1301 962 Apol-

179 986 282 1048 lonius
312 986 582 1071 παραρμημένοι,
613 984 754 1070 ἔμποροι
784 986 858 1066 (lex.
890 1001 957 1066 107,
983 988 1043 1065 21).
1088 984 1195 1066 Quane
1225 983 1302 1045 nihil

179 1086 253 1148 huic
275 1087 417 1167 perfecto
446 1090 586 1163 additur;
617 1108 756 1167 namque
778 1088 804 1151 Δ
827 1090 887 1167 465
912 1092 944 1153 Ε
964 1089 1027 1168 690
1049 1080 1138 1169 όφρα
1160 1087 1302 1166 pendere

180 1209 222 1249 ex
244 1191 412 1270 participio
435 1189 627 1274 λελιημένος
648 1209 745 1251 nemo
768 1189 961 1270 opinabitur.

306 1309 523 1391 μέμβλεται

310 1413 336 1474 Τ
358 1425 417 1490 343
442 1401 461 1494 ἦ
489 1407 530 1474 νύ
561 1434 616 1475 τοι
649 1405 762 1476 οὐκέτι
791 1407 902 1494 πάγχυ
923 1408 1007 1495 μετὰ
1029 1409 1125 1493 φρεσὶ
1146 1401 1298 1493 μέμβλετ’

1047 1507 1211 1594 Ἀχιλλεύς
1233 1518 1292 1572 etc.

264 1631 390 1692 Eodem
414 1630 479 1693 fere
502 1653 598 1694 sensu
620 1634 809 1695 instructum
833 1641 882 1695 est
899 1633 974 1694 'hoc
1005 1631 1183 1713 perfectum
1205 1639 1302 1709 atque

177 1732 333 1816 με’μηλενε
360 1739 391 1794 Τ
402 1751 461 1813 343
483 1755 546 1796 non
562 1755 656 1797 curae
679 1745 728 1797 est
747 1735 890 1798 Achilles
909 1736 1082 1809 Minervae,
1103 1753 1300 1814 quamquam

178 1844 272 1897 antea
295 1844 370 1897 erat.
417 1840 447 1900 Φ
472 1838 533 1915 516
555 1837 701 1918 Apollini
725 1841 852 1900 moenia
867 1839 985 1900 Troiae
1002 1838 1090 1899 urbis
1108 1856 1203 1898 curae
1218 1845 1300 1911 sunt,

177 1957 251 1998 nam
274 1939 379 2019 ipsum
404 1960 441 2002 ea
463 1941 620 2002 struxisse
650 1938 759 2021 paullo
782 1951 857 2003 ante
888 1949 1048 2002 narratum
1080 1947 1129 2001 est
1153 1940 1195 2018 (Φ
1216 1940 1300 2018 446).

177 2040 253 2103 Uno
284 2038 357 2102 loco
387 2063 407 2122 χ
433 2058 469 2103 12
493 2078 534 2085 -
557 2038 664 2121 φόνος
694 2042 731 2106 δέ
761 2039 793 2106 οἱ
824 2037 886 2106 οὐκ
917 2040 966 2106 ἐνὶ
992 2043 1094 2125 θυμῷ
1114 2041 1118 2121 Ι
1137 2039 1299 2124 μέμβλετο

177 2140 426 2205 luculentissime
456 2145 703 2220 demonstratur,
730 2144 793 2206 hoc
815 2145 949 2206 verbum
972 2164 1036 2206 non
1059 2143 1162 2205 solum
1183 2142 1300 2218 „cordi

179 2263 273 2306 curae
304 2252 392 2308 esse“
422 2245 603 2326 significare
634 2247 692 2308 sed
719 2249 831 2325 etiam,
861 2267 944 2327 quae
966 2256 1015 2309 est
1038 2247 1177 2326 genuina
1199 2245 1300 2321 notin

180 2344 276 2423 (Curt.
299 2347 422 2427 Etym.3
446 2351 518 2428 309)
541 2369 736 2423 „memorem
761 2356 858 2412 esse“.

307 2459 533 2530 ὀδώδυσται

309 2590 323 2630 ε
341 2583 402 2647 423
427 2563 503 2632 οἶδα
518 2567 584 2651 γάρ
601 2559 647 2645 ιός
664 2593 722 2654 μοι
740 2565 932 2635 όδιοδόσται
953 2567 1075 2644 κλυτὸς
1102 2567 1301 2666 εἰνοσὶγαιρς

424 2670 601 2751 (irascitur).

265 2772 404 2834 Restant
426 2775 490 2835 iam
512 2772 593 2836 haec
615 2773 770 2855 perfecta:

309 2885 499 2976 ἀλάλημαι

311 2998 342 3060 Ψ
361 3009 402 3075 74
425 2989 496 3059 ἀλλ’
522 2988 634 3071 αάτως
652 2991 816 3081 ἀλάλημαι
838 2991 893 3061 ἀν’
919 2992 1101 3081 εὐρυπυλὲς
1116 2989 1227 3070 ’Ἄιδος
1250 2995 1300 3058 ἀρ’
1397 2999 1400 3004 ’

180 3117 289 3178 vagor.
334 3097 435 3160 Notio
457 3100 635 3178 praesentis
659 3099 769 3161 similis
793 3109 854 3161 est:

179 3199 325 3262 conferas
348 3202 432 3262 enim
454 3223 474 3283 γ
494 3215 536 3280 72
560 3221 633 3262 cum
654 3225 674 3284 y
697 3216 749 3282 73:

306 3309 326 3406 ἦ
350 3343 383 3385 τι
402 3314 492 3384 ’κατὰ
514 3325 635 3405 πρῆξιν
658 3311 678 3407 ἦ
700 3322 868 3406 μαψιδίως
890 3315 1088 3406 ἀλάλησθε

307 3415 363 3487 οἷά
386 3445 423 3487 τε
445 3425 617 3508 ληιστῆρες
639 3420 737 3508 ὑπεὶρ
760 3415 842 3501 ά’λα;
865 3424 920 3488 τοί
942 3418 974 3487 τ’
1001 3417 1204 3488 ἀλόωνται

306 3523 415 3608 ψυχὰς
436 3525 643 3609 παρθέμενοι
667 3525 748 3605 (=t
772 3540 841 3606 253.
866 3539 903 3605 25
928 3528 947 3606 ).

180 3636 234 3689 aut
256 3649 279 3710 μ
303 3628 365 3704 284
387 3647 459 3688 cum
483 3651 498 3692 ε
523 3641 592 3708 377,
614 3636 669 3689 aut
690 3651 710 3712 γ
733 3643 793 3708 302
817 3649 889 3691 cum
912 3652 933 3692 υ
956 3630 1026 3691 206.

307 3741 552 3832 ἀλιτήμονος

308 3848 328 3911 δ
351 3851 411 3928 807
430 3881 470 3893 -
488 3844 526 3913 οό
549 3851 610 3933 μὲν
631 3847 695 3934 γάρ
717 3875 751 3915 τι
772 3857 869 3925 θεοῖς
891 3844 1088 3934 ἀλιτήμενός
1110 3849 1201 3916 ἐστιν

180 3977 221 4000 ==
240 3948 385 4014 nefarius.
429 3949 635 4037 Participium
666 3951 769 4033 piane,
799 3962 834 4014 ut
856 3954 983 4034 saepius
1006 3952 1055 4029 fit,
1088 3954 1130 4015 ad
1153 3955 1300 4024 adiectivi
