2940 4566
620 290 829 357 *55-

170 445 259 506 notio
277 447 473 507 condicionis
492 466 535 507 ex
553 448 683 510 notione
695 448 760 510 veri
779 445 910 528 perlecti
920 453 1034 508 exorta
1052 464 1123 506 esse
1132 443 1285 504 videatur.

172 544 322 608 Ceterum
340 567 398 609 nec
420 557 530 610 nostra
551 569 610 611 nec
632 548 728 612 latina
751 548 859 630 lingua
875 548 964 628 quod
981 545 1065 608 valet
1082 542 1286 628 τεθνάμεναι

170 647 265 728 plane
288 649 424 729 exprimi
446 669 550 730 posse,
573 652 661 730 quod
683 650 785 713 verbo
807 649 959 727 auxiliari,
982 649 1069 728 quod
1092 648 1213 724 dicitur,
1231 648 1289 708 ad-

171 749 273 811 hibito
295 749 359 812 vim
381 758 477 830 atque
498 760 645 814 naturam
667 752 798 834 perfecti
828 755 931 814 minus
961 751 1124 827 sentimus,
1155 751 1288 830 exponit

172 851 335 913 Bekkerus
355 851 450 929 (hom.
470 853 511 915 bl.
529 854 557 915 II
571 875 603 936 p.
622 872 643 934 9
660 857 736 935 seq.)
760 854 797 916 cf.
816 854 913 917 Aken
930 853 1135 934 grundzuege
1153 853 1182 913 d.
1199 850 1287 912 lehre

172 975 201 1016 v.
223 962 320 1035 temp.
341 976 369 1016 u.
393 957 478 1019 mod.
501 958 576 1019 1861
603 977 632 1038 p.
657 973 702 1019 10.
745 957 842 1019 False
864 957 958 1038 igitur
979 958 1121 1032 vertitur,
1145 955 1176 1015 id
1200 953 1288 1033 quod

173 1057 359 1136 saepissime
381 1055 425 1130 fit,
443 1055 649 1142 τεθνάμεναι
662 1089 703 1110 =
721 1060 850 1121 sterben
868 1067 903 1120 ut
925 1062 957 1123 Γ
968 1074 1024 1119 102
1043 1057 1184 1140 τεθναίη
1200 1056 1288 1136 quod

174 1159 267 1219 vertit
290 1155 444 1220 Vossius:
466 1159 609 1234 „solcher
631 1161 745 1236 sterb“,
769 1162 855 1222 cuius
879 1161 966 1221 modi
990 1157 1140 1239 exempla
1157 1156 1289 1236 collegit

173 1258 336 1321 Bekkerus
367 1260 464 1340 (hom.
495 1260 536 1322 bl.
564 1262 653 1343 119).
706 1263 839 1325 Minime
869 1282 946 1324 vero
976 1263 1078 1342 ipsam
1100 1261 1289 1323 actionem

112 1442 115 1446 λ
175 1363 328 1423 moriendi
352 1362 521 1442 significari
543 1364 686 1444 perfecto
709 1363 915 1448 τεθνάμεναι
948 1383 1046 1443 quum
1080 1384 1122 1424 ex
1144 1363 1289 1424 universa

173 1473 284 1525 natura
306 1463 436 1544 perfecti
458 1474 527 1527 tum
550 1487 592 1528 ex
615 1467 722 1530 multis
745 1466 902 1548 exemplis
924 1467 1037 1544 elucet,
1059 1464 1114 1526 ubi
1136 1463 1213 1526 nihil
1231 1463 1289 1524 nisi

171 1566 316 1627 condicio
334 1566 530 1646 significatur
552 1568 638 1631 velut
660 1576 690 1635 P
707 1583 783 1649 435:

297 1663 370 1732 ἀλλ)
395 1661 441 1744 ὥς
462 1693 500 1734 τε
523 1667 624 1757 στήλη
645 1673 736 1756 με’νει
758 1670 903 1756 ἔμπεδον
925 1664 945 1754 ἥ
967 1666 998 1736 τ’
1024 1671 1078 1737 ἐπὶ
1100 1666 1216 1754 τύμβῳ

297 1764 419 1853 άνέσσς
441 1768 561 1858 ἑστήκῃ
584 1770 771 1858 τεθνηότος
793 1768 830 1859 ἠὲ
852 1771 1011 1858 γυναικός

375 1872 422 1952 (cf.
445 1894 509 1938 aor.
534 1879 563 1941 Λ
584 1879 668 1955 453).

257 1974 371 2055 Neque
400 1976 430 2036 in
453 1980 584 2058 argutiis
614 1982 732 2043 versari
763 1980 857 2041 nobis
888 1980 1041 2040 videmur.
1086 1976 1234 2056 Namque
1265 1977 1290 2037 si

174 2077 385 2157 negligentius
416 2077 593 2159 perfectum
622 2077 829 2165 τεθνάμεναι
860 2082 1012 2143 vertimus
1043 2080 1205 2155 ‚,sterben“
1232 2099 1291 2160 pro

172 2182 262 2255 „todt
285 2186 378 2256 sein“,
401 2203 497 2263 quam
520 2182 667 2246 differant
697 2186 728 2246 in
758 2183 873 2246 haere
904 2184 1031 2262 ingenia
1054 2181 1292 2244 Graecoruma

174 2284 290 2346 nostris
324 2305 387 2346 non
417 2287 634 2366 perspicimus.
689 2286 813 2348 Tamen
844 2295 967 2348 vertere
998 2283 1137 2346 solemus
1172 2289 1198 2349 Ο
1227 2286 1293 2362 496

176 2382 334 2450 τεθνάτω
352 2389 457 2462 „sterb
477 2394 527 2449 er‘
545 2388 588 2467 (V
589 2391 653 2468 σεε)
672 2397 727 2450 aut
744 2387 821 2449 illud
836 2388 967 2467 Tyrtaei
987 2386 1109 2467 (fragm.
1131 2405 1188 2467 397
1210 2386 1291 2468 ng.

130 2482 135 2489 ’
177 2487 262 2568 lyr.³)
284 2486 489 2573 τεθνάμεναι
510 2487 573 2574 γάρ
596 2488 676 2555 καλὲ
682 2513 702 2554 ν
726 2489 775 2554 ἐνὶ
797 2487 1007 2575 προμάχοισι
1021 2486 1171 2555 πεσόντα
1195 2482 1289 2570 ἄνδρ’

177 2583 311 2674 ἀγαθόν
329 2591 467 2666 „schoen
487 2592 543 2654 ists
561 2614 598 2653 zu
616 2592 762 2654 sterben“
784 2613 888 2671 neque
905 2593 994 2655 aliter
1012 2593 1165 2654 Horatius
1183 2590 1294 2666 „dulce

179 2701 212 2755 et
233 2694 385 2754 decorum
408 2703 457 2756 est
474 2715 533 2776 pro
555 2697 657 2776 patria
679 2696 778 2756 mori“
802 2693 917 2773 (Carm.
941 2694 983 2756 III
1007 2713 1034 2768 2,
1062 2696 1117 2773 13).
1163 2693 1196 2757 Si
1215 2713 1292 2754 vero

179 2803 264 2856 recte
293 2797 444 2857 vertimus
474 2799 564 2872 „todt
596 2799 688 2874 sein“,
719 2798 782 2859 iam
805 2798 994 2870 videbimus,
1024 2817 1116 2876 quam
1146 2796 1293 2858 differant

178 2906 287 2960 nostra
308 2897 433 2978 ingenia
454 2920 474 2961 a
492 2898 645 2964 Graecis·
669 2900 739 2961 Nos
757 2901 851 2978 enim,
870 2920 968 2979 quum
987 2899 1133 2961 dicimus:
1156 2899 1293 2973 „schoen

179 3004 237 3064 ists
263 2999 347 3067 fuers
370 3004 533 3065 vaterland
564 3024 601 3064 zu
632 3003 789 3080 sterben“‚
820 3005 851 3064 in
882 3003 950 3083 ipsa
980 3003 1106 3063 actione
1138 3001 1293 3063 moriendi

180 3124 341 3166 summum
364 3124 434 3166 esse
456 3113 618 3180 terrorem,
648 3107 701 3186 qui
722 3113 831 3167 tamen
852 3124 912 3185 pro
934 3106 1035 3185 patria
1056 3104 1097 3165 sit
1119 3104 1293 3178 obeundus,

180 3205 403 3286 significamus,
432 3209 681 3288 respicimusque
706 3209 814 3288 ipsam
836 3209 995 3269 actionem
1023 3207 1187 3281 moriendi,
1220 3227 1294 3268 con·

182 3309 340 3371 dicionem
363 3317 468 3371 morte
489 3308 636 3372 effectam
658 3331 723 3372 non
744 3318 902 3384 curantes;
933 3307 1045 3372 Graeci
1067 3320 1173 3371 autem
1196 3330 1295 3390 quum

182 3412 246 3472 nati
276 3412 464 3490 educatique
495 3420 601 3473 essent
633 3411 693 3473 sub
724 3411 927 3473 serenissimo
957 3411 1047 3472 coelo
1079 3420 1111 3472 et
1141 3431 1159 3471 a
1189 3413 1294 3491 pueris

181 3511 377 3575 intuerentur
385 3513 524 3575 lucidum
535 3514 698 3576 aetherem
707 3533 779 3575 raro
791 3514 994 3575 obscuratum
1004 3512 1140 3573 nubibus
1157 3521 1295 3574 motum·

183 3635 245 3695 que
264 3617 358 3677 maris
374 3636 414 3682 ‚ac
432 3615 648 3696 splendorem,
662 3637 725 3677 non
745 3624 812 3677 tam
827 3613 999 3677 horrebant
1017 3615 1118 3695 ipsam
1136 3617 1294 3678 actionem

184 3718 348 3792 moriendi,
379 3718 497 3799 quippe
518 3720 555 3779 in'
571 3738 634 3798 qua
656 3719 718 3780 iam
749 3718 856 3779 liceret
879 3717 1037 3778 morituris
1060 3719 1171 3779 intueri
1194 3717 1295 3779 solem

183 3821 358 3899 lucemque,
391 3840 487 3901 quam
509 3820 682 3883 terribilem
705 3819 789 3882 illam
812 3819 1040 3892 condicionem,
1063 3820 1093 3879 in
1116 3839 1220 3898 quam,
1243 3822 1296 3899 qui

185 3932 328 3988 mortuus
360 3930 416 3997 est,
448 3924 567 3999 incidit,
591 3923 747 3986 tenebras
779 3920 912 4002 sepulcri
941 3921 1146 4001 rigoremque
1173 3923 1294 3982 mortis.
