2940 4566
637 309 849 369 -n-

313 473 340 534 Τ
357 483 416 546 213
444 499 483 512 -
501 461 542 530 τό
564 487 622 548 μοι
645 456 721 527 οὔτι
740 459 824 545 μετὰ
842 461 938 544 φρεσὶ
954 463 1062 525 ταῦτα
1078 460 1221 545 μέμηλεν

384 564 469 635 ἀλλὰ
478 563 588 648 φόνος
597 588 635 631 τε
645 565 701 629 καὶ
710 557 789 647 αλμα
797 557 855 627 καὶ
862 557 1022 646 ἀργαλέος
1036 557 1158 637 στόνος
1166 558 1313 647 ἀνδρῶν

266 670 423 750 (Achilles
446 671 593 731 incensus
615 666 723 729 studio
745 664 917 727 ulciscendi
944 662 1144 727 intersectum
1165 666 1310 730 amicum

179 773 271 836 cibos
294 774 355 835 sibi
377 771 507 832 oblatos
530 769 696 851 repudiat).

266 872 333 936 Sed
356 873 508 953 suspicari
526 870 663 933 fortasse
685 868 766 942 licet,
789 869 937 948 graviore
956 874 1099 930 utentem
1125 867 1185 930 hac
1199 866 1310 934 forma

179 995 217 1038 ac
240 975 371 1036 notione
393 987 531 1057 ,poetam
561 970 689 1035 efficere
712 969 882 1043 studuisse,
912 976 948 1030 ut
973 967 1088 1032 Ulixes
1118 970 1151 1048 (I
1170 972 1245 1050 228)
1274 980 1308 1034 et

180 1075 325 1139 Achilles
348 1079 388 1154 (Τ
409 1078 479 1154 213)
503 1094 560 1155 per
582 1072 821 1136 acerbissimam
839 1071 971 1132 ironiam
986 1071 1135 1146 dicerent,
1157 1091 1221 1133 non
1247 1092 1306 1136 eos

180 1198 215 1241 se
234 1198 313 1252 esse,
336 1178 461 1257 quibuS,
477 1196 559 1255 quae
576 1176 617 1236 sit
635 1175 778 1255 ipsorum
797 1181 908 1235 natura
922 1180 1018 1252 atque
1036 1170 1167 1248 indoles,
1189 1174 1306 1255 epulae

178 1287 270 1342 tanto
285 1278 466 1340 discrimine
485 1296 590 1338 rerum
608 1276 693 1338 adeo
712 1276 774 1336 sint
783 1276 881 1338 cordi.
903 1272 1050 1355 Simplex
1062 1271 1165 1337 forma
1175 1274 1268 1359 μέλει
1277 1278 1304 1339 si

179 1380 323 1443 adhibita
331 1387 427 1457 esset,
437 1377 512 1441 nihil
521 1378 604 1441 aliud
613 1377 807 1459 significaret
817 1377 980 1451 nisi:„n0n
989 1376 1300 1458 curonuncepulas“.

265 1482 381 1543 Restat
413 1481 477 1542 iam
508 1499 607 1542 unum
640 1477 830 1559 perlectum,
864 1480 952 1557 quod
982 1486 1107 1540 motum
1138 1480 1301 1558 quendam

178 1582 274 1643 animi
297 1579 457 1660 significat

305 1676 609 1765 τεθαρσήκασιν

304 1787 326 1846 Ι
344 1799 409 1860 420
424 1812 467 1833 =
483 1781 546 1862 687
565 1817 607 1829 -
625 1777 851 1867 τεθαρσήκασι
869 1781 905 1846 δὲ
927 1782 1013 1846 λαοί.

262 1881 443 1947 Perfectum
470 1882 629 1963 significat
656 1885 744 1946 bono
767 1892 800 1946 et
821 1882 894 1946 sorti
921 1884 1027 1945 animo
1054 1902 1133 1957 esse,
1155 1888 1297 1967 θαρσεῖν

177 2014 218 2035 =
235 1986 377 2046 animum
400 1984 551 2065 colligere
573 1982 610 2045 ci.
634 1985 659 2047 Δ
687 1986 754 2062 184.

262 2085 375 2165 Atque
406 2088 470 2148 iam
492 2087 747 2149 enumeravimus
779 2085 927 2167 perfecta,
959 2105 1040 2166 quae
1063 2094 1170 2148 motus
1201 2088 1297 2150 animi

177 2187 366 2267 exprimunt.
402 2188 547 2261 Restant,
566 2207 648 2267 quae
658 2189 803 2250 eiusdem
819 2188 993 2283 intensigae
1003 2187 1141 2249 notionis
1157 2190 1298 2269 speciem

176 2286 288 2362 lerunt,
310 2288 402 2350 haec:

296 2382 499 2472 ἀνήνοθεν

304 2511 323 2569 ρ
346 2504 408 2567 270
425 2489 497 2555 ἐπεὶ
512 2491 609 2575 κνίση
626 2490 688 2574 μὲν
706 2485 889 2576 ἀνήνοθεν,
907 2489 945 2555 ἐν
967 2489 1007 2554 δέ
1026 2514 1063 2555 τε
1078 2486 1221 2575 φόρμιγξ

420 2613 519 2675 ηπυει

305 2695 334 2756 Λ
358 2692 420 2753 266
443 2684 531 2774 ὄφρα
551 2690 583 2756 ol
601 2687 670 2775 αἷμ’
691 2691 741 2757 έτι
762 2690 893 2776 θερμὸν
907 2688 1081 2777 ἀνήνοθεν
1103 2691 1138 2772 ἐξ
1155 2688 1297 2780 ὠτειλῆς

441 2792 812 2874 (plusquamperfectum
836 2789 1038 2879 ἀνήνοθον).

300 2898 331 2959 Β
345 2911 407 2975 219
429 2893 533 2975 φοξὸς
550 2892 609 2979 ἐην
627 2893 784 2981 κεφαλήν,
806 2894 913 2982 φεδνή
934 2890 965 2961 δ’
986 2893 1174 2981 ἐπενήνοθε
1192 2894 1296 2983 λάχνη

299 3001 325 3060 θ
349 2998 407 3076 365
433 2996 555 3080 (ἐλαίῳ)
577 2990 632 3060 ola
653 2995 758 3073 θεοὺς
780 2993 988 3083 ἐπενήνοθεν
1010 2995 1083 3062 αέἐν
1104 2994 1231 3074 ἐόντας.

258 3096 397 3159 Uberius
420 3098 546 3160 dehoc
567 3096 711 3179 perfecto
733 3100 864 3179 eiusque
887 3100 1019 3162 notione
1038 3120 1133 3182 supra
1151 3101 1294 3183 disputa·

171 3205 240 3258 tum
263 3205 320 3258 est.

303 3292 578 3383 ἀναδέδρομεν

300 3423 315 3464 ε
336 3416 399 3477 412
422 3435 465 3446 —-
485 3401 578 3485 λέσση
601 3397 632 3466 δ’
658 3396 864 3486 ἀναδέδρομε
885 3403 991 3488 πέτρη
1009 3433 1051 3456 =
1068 3427 1089 3468 κ
1110 3422 1132 3482 4

171 3521 265 3581 rupes
288 3511 393 3565 erecta
415 3510 473 3566 est.
525 3500 678 3566 Similiter
708 3503 829 3566 dictum
861 3514 911 3567 est
941 3507 1027 3588 apud
1058 3505 1291 3570 Archilochum

171 3601 255 3682 (ng
287 3602 361 3682 lyr.³
392 3601 427 3667 fr.
455 3606 509 3683 40)
544 3613 642 3669 τοῖον
670 3601 733 3688 γὰρ
763 3599 868 3690 αὐλήν
900 3602 995 3691 ἐρκος
1034 3602 1290 3692 ἀμφιδέδρομεν.

170 3703 305 3785 Propius
326 3705 368 3766 ad
390 3705 456 3765 veri
478 3704 611 3786 perlecti
633 3708 797 3769 notionem
819 3711 941 3773 accedit
963 3709 1179 3795 ἐπιδέδρομεν

298 3812 315 3887 ζ
335 3819 375 3885 45
400 3841 443 3850 -
465 3801 548 3871 ἀλλὰ
569 3804 646 3893 μάλ’
668 3808 771 3893 αἴθρη

393 3905 562 3972 πέπταται
587 3904 748 3990 ἀνέφελος
777 3909 876 3996 λευκή
895 3907 927 3976 δ)
952 3912 1170 3997 ἐπιδέδρομεν
1194 3913 1289 4000 αἴγλη
