2940 4566
634 304 846 379 ..46-

305 468 547 555 βεβαρηότες

304 594 324 654 y
358 588 417 651 139
447 570 481 636 οἳ
511 565 543 634 δ>
572 561 682 657 ἦλθον
714 570 798 655 οίνῳ
833 566 1035 654 βεβαρηότες
1063 564 1132 644 υἷες
1158 565 1300 654 Ἀχαιῶν

445 672 537 735 simil.
559 697 580 737 τ
607 688 664 735 122
991 733 994 741 ,

175 792 326 854 praesens
349 776 468 836 eodum
490 793 585 836 sensu
604 774 700 836 utitur
723 797 734 837 ι
754 787 815 853 374
833 766 913 837 -δ
936 767 965 836 δ’
990 769 1145 856 ἐρεύγετο
1168 771 1299 853 οἰνοβα-

177 875 286 957 ρείοον.

304 976 493 1060 βέβριθεν

302 1080 338 1142 Π
353 1081 415 1157 384
430 1075 477 1154 σός
495 1074 526 1142 δ’
547 1076 615 1143 ὑπὸ
637 1079 772 1142 λαίλαπι
787 1081 877 1142 πᾶσα
895 1076 1033 1163 κελαινὴ
1048 1078 1184 1161 βέβριθε
1200 1075 1300 1160 χθών

303 1202 322 1244 ο
346 1197 408 1259 334
430 1177 617 1261 (τράπεζαι)
651 1180 747 1244 σίτου
778 1179 833 1243 καὶ
863 1182 988 1263 κρειῶν
1012 1173 1032 1264 ή
1054 1173 1085 1243 δ’
1115 1178 1212 1244 οίνου
1238 1182 1298 1259 βε·

442 1284 463 1359 β
470 1281 607 1364 ρίθασι
1180 1288 1184 1293 “

304 1386 333 1446 Φ
357 1385 414 1460 385
440 1382 477 1447 ἐν
498 1377 530 1444 δ’
557 1376 685 1446 ἄλλοισι
707 1388 840 1447 θεοῖσιν
864 1379 931 1465 ἔρις
948 1381 1026 1467 πέσε
1048 1384 1226 1465 βεβριθυῖα

303 1507 328 1548 π
349 1500 414 1562 474
436 1482 544 1566 (νηῦς)
568 1484 718 1565 βεβρίθει
741 1483 777 1547 δὲ
800 1478 962 1548 σόκεσσιν.

260 1602 360 1664 Notio
390 1601 522 1683 perfecti
551 1623 617 1664 non
647 1601 744 1682 longe
779 1603 876 1664 distat
905 1624 924 1665 a
954 1605 1084 1664 notione
1114 1601 1297 1678 formarum,

178 1724 259 1785 quae
291 1703 541 1783 reduplicatione
568 1724 633 1765 non
656 1705 827 1766 instructae
848 1712 933 1778 sunt3
965 1702 1110 1766 conferas
1134 1703 1232 1781 enim,
1262 1712 1298 1765 ut

178 1805 240 1868 hoc
261 1806 468 1886 perspiciatur

303 1930 322 1972 ο
346 1923 408 1985 334
430 1903 623 1990 (τράπεζαι)
647 1907 743 1971 σίτου
773 1907 828 1970 καὶ
852 1909 976 1990 κρειῶν
1007 1901 1028 1990 ή
1050 1899 1080 1969 δ>
1116 1905 1213 1972 οίνου
1235 1909 1297 1986 βε·

441 2008 632 2091 βρίθασιν

302 2129 374 2171 cunr
398 2133 409 2172 ι
432 2125 494 2189 219
516 2110 634 2191 ταρσοὶ
655 2109 717 2194 μὲν
740 2113 854 2192 τυρῶν
877 2112 1010 2192 βρῖθον.

303 2207 451 2276 ἑαδότα
914 2221 916 2224 ⁴

301 2317 323 2376 Ι
347 2327 403 2390 173
427 2347 469 2356 —
493 2308 616 2375 ἑαδότα
637 2314 752 2394 μῦθον
774 2305 886 2376 ἔειπεν
904 2341 946 2362 =
965 2328 984 2375 σ
1005 2327 1076 2388 422.

209 2458 211 2463 ’
258 2431 332 2492 Hoc
354 2429 556 2511 participium
575 2431 614 2491 ad
639 2430 786 2492 adiectivi
808 2450 902 2491 usum
924 2449 1026 2511 prope
1048 2430 1181 2492 accedit.

300 2549 498 2614 κέκευθεν
678 2601 681 2608 .

228 2722 232 2729 ,
300 2653 336 2714 X
357 2651 415 2712 118
440 2643 511 2713 ἀλλ)
539 2643 793 2715 ἀποδάσσεσθαι
816 2641 879 2715 όσα
900 2672 937 2713 τε
959 2644 1078 2724 πτόλις
1099 2639 1159 2734 ήδε
1181 2671 1210 2712 κ

299 2774 318 2835 γ
345 2752 381 2813 18
406 2749 539 2834 εἴδομεν
562 2743 682 2831 ήντινα
703 2755 804 2836 μῆτιν
825 2751 877 2817 ἐνὶ
900 2746 1058 2836 στήθεσσι
1081 2773 1110 2814 κ.

300 2876 311 2915 ι
335 2854 395 2931 348
419 2846 496 2934 ὄφρ’
523 2850 621 2933 είόής,
644 2845 719 2915 οἶόν
736 2876 769 2916 τι
783 2850 895 2916 ποτὸν
910 2848 989 2918 τόδε
1012 2851 1093 2936 νηῦς
1113 2847 1296 2917 ἐκεκεύθει.

256 2971 392 3046 Formis,
414 2991 495 3050 quae
525 2990 590 3031 non
619 2970 790 3032 instructae
813 2980 886 3033 sunt
917 2969 1176 3051 reduplicatione,
1210 2969 1296 3032 actio

174 3070 351 3134 occultandi
380 3071 576 3152 significatur
603 3080 638 3133 ut
659 3075 681 3134 Ι
697 3088 756 3151 313
782 3064 820 3147 ός
841 3066 874 3154 χ’
901 3069 1016 3156 ἕτερον
1037 3072 1098 3155 μὲν
1119 3065 1229 3154 κεόθή
1246 3071 1297 3138 ἐνὶ

173 3167 290 3255 φρεσίν
315 3166 396 3237 ἄλλο
419 3173 454 3236 δὲ
474 3171 559 3254 είπή,
581 3172 724 3254 perfecto
747 3176 901 3249 condicio,
923 3183 999 3258 uty
1025 3177 1062 3238 18
1085 3171 1218 3257 δίδομεν
1239 3164 1296 3259 ήν-

173 3295 248 3337 τινα
269 3275 370 3363 μήτιν
391 3273 441 3338 ἐνὶ
464 3270 621 3358 στήθεσσι
645 3275 815 3340 κέκευθεν.

300 3389 528 3475 κεχανδότα

303 3499 334 3560 Ψ
353 3497 414 3559 268
437 3493 715 3578 λέβητα-τέσσαρα
737 3496 842 3580 μέτρα
864 3490 1054 3577 κεχανδότα

302 3595 321 3658 δ
343 3599 385 3675 96
407 3634 449 3641 —-
472 3590 771 3678 οἰκον-κεχανδότα
793 3593 901 3662 πολλὰ
924 3597 980 3660 καὶ
1003 3590 1107 3662 ἐσθλά

300 3701 332 3762 Ω
346 3713 402 3777 192
422 3698 578 3780 κέδρινον
595 3693 776 3781 ὑψόροφον
787 3691 824 3773 ὃς
841 3693 963 3782 γλήνεα
976 3693 1086 3762 πολλὰ
1101 3692 1294 3778 κεχάνδει.

257 3816 309 3879 De
340 3816 402 3878 hoc
432 3817 574 3897 perfecto
606 3818 723 3880 eodem
753 3819 854 3879 modo
885 3817 1088 3878 iudicandum
1120 3824 1169 3878 est
1198 3825 1296 3897 atque

174 3918 215 3979 de
236 3917 391 3984 κέκευθα.
438 3915 592 3979 Conseras
616 3919 700 3979 enim
722 3919 747 3981 Δ
772 3934 821 3996 24.
