2940 4566
640 301 853 365 -71=-

314 479 356 520 κε
410 479 427 517 r
463 478 504 518 αι

270 557 306 618 In
336 479 405 619 hd?
419 478 574 638 ‘gersecto
606 559 689 620 duae
722 559 868 620 diversae
900 560 1048 621 notiones
1080 560 1310 623 discernendae

186 668 259 720 sunt
286 661 312 736 1)
335 669 407 722 utor
433 664 460 724 T
481 661 540 722 262

315 773 388 843 οὔτ’
414 773 512 863 εὐνῆς
533 774 704 862 πρόφασιν
726 779 923 864 κεχρημένος
945 774 1024 845 οὔτε
1047 804 1106 845 τεο
1129 775 1233 846 ἄλλον

314 885 332 960 ξ
352 897 411 957 421
438 881 534 964 φρεσὶ
556 878 619 964 γὰρ
642 875 774 964 κέχρητ’
800 875 977 967 ἀγαθῇσιν.
1003 937 1007 944 .

314 985 343 1063 2)
366 984 495 1064 indigeo
517 987 536 1063 ξ
561 996 632 1062 155:

312 1086 392 1169 πρὶν
415 1084 453 1149 δέ
473 1108 510 1148 κε
533 1084 589 1149 καὶ
611 1080 700 1168 μάλα
721 1107 784 1168 περ
807 1085 1005 1170 κεχρημένος
1027 1079 1103 1150 οὔτι
1127 1087 1282 1172 δεχοίμην

185 1208 245 1267 pro
267 1189 427 1249 adiectivo
449 1185 516 1249 fere
537 1189 741 1267 participium
764 1190 905 1267 positum
929 1197 978 1250 est
1000 1210 1111 1269 neque,
1140 1198 1175 1250 ut
1198 1198 1309 1250 censet

185 1290 325 1364 Faesius,
348 1289 563 1370 supplendum
586 1298 636 1350 est
659 1283 861 1372 εὐαγγελίου,
884 1290 923 1351 ci„
946 1313 965 1374 ρ
990 1307 1049 1371 347

313 1390 417 1467 αἰδώς
440 1386 470 1455 δ’
497 1387 559 1455 οὐκ
582 1385 693 1477 ἀγαθὴ
716 1392 910 1482 κεχρημένῳ
934 1388 1033 1476 ἀνδρὶ
1054 1406 1210 1476 παρεῖναι

271 1509 328 1573 Cui
351 1510 452 1573 verbo
476 1512 590 1573 eadem
614 1512 708 1572 radix
739 1509 884 1573 subiecta
907 1521 957 1575 est
987 1522 1083 1593 atque
1106 1487 1315 1575 substantivo⁸

182 1614 252 1695 χείρ
260 1641 266 1688 ;
289 1634 429 1694 namque
450 1616 589 1695 primum
613 1612 772 1694 significat
795 1615 1037 1694 deprehendere
1064 1613 1162 1696 (Curi.
1185 1616 1309 1695 Etym³

189 1716 257 1794 187)
281 1714 319 1776 cf.
342 1740 363 1779 κ
385 1718 427 1791 64

312 1854 354 1861 -
372 1819 423 1890 τίς
445 1839 499 1881 τοι
522 1814 625 1890 κακὸς
648 1813 745 1898 ἔχραε
769 1815 912 1900 δαίμων·

269 1936 322 1997 Ex
344 1936 405 1996 hac
423 1955 485 1996 una
504 1937 635 1996 notione
655 1934 918 2016 deprehendendi
937 1945 970 1998 et
992 1939 1156 1998 notionem
1176 1938 1308 1999 utendi

184 2048 216 2098 et
246 2039 454 2116 indigendi
486 2056 655 2098 emanasse
682 2046 829 2118 apparet;
860 2048 933 2100 sunt
964 2041 1048 2100 enim
1080 2039 1199 2100 similes
1230 2060 1308 2119 quo-

65 2160 68 2165 ·
184 2141 370 2214 dammodo
394 2140 480 2218 quod
504 2137 758 2219 deprehendere,
781 2160 909 2202 sumere
932 2140 1048 2221 aliquid
1065 2143 1149 2203 actio
1168 2151 1226 2218 est,
1246 2162 1310 2221 qua

185 2242 424 2303 desiderium
448 2241 599 2322 aliquid
622 2240 840 2322 expleatur;
862 2244 905 2304 ad
925 2244 1012 2324 quod
1035 2245 1227 2305 desiderium
1251 2265 1308 2305 ex·

184 2343 337 2423 piendum
360 2348 508 2405 utamur
531 2342 635 2423 aliqua
658 2364 692 2404 re
714 2364 846 2405 necesse
869 2355 933 2408 est:

538 2466 672 2520 sumere,
695 2443 939 2527 deprehendere

682 2618 708 2668 l
767 2539 786 2668 ζ

589 2671 717 2751 indigeo
761 2672 806 2733 uti

269 2787 446 2868 Neglectae
478 2789 607 2867 quidem
630 2791 661 2849 in
691 2789 739 2850 his
771 2788 931 2868 fingendis
954 2788 1138 2849 notionibus
1169 2808 1240 2849 esse
1263 2790 1307 2849 vi-

185 2892 300 2951 dentur
330 2889 418 2970 leges
449 2889 522 2952 iliae
552 2899 640 2952 recte
673 2900 705 2953 et
736 2900 770 2952 ut
793 2893 836 2953 ita
864 2893 969 2953 dicam
1001 2889 1105 2970 logice
1136 2891 1308 2970 cogitandi,

184 3012 282 3071 quum
314 2992 478 3072 indigendi
509 2994 607 3066 noti0,
640 3012 722 3072 quae
755 3014 789 3055 re
811 3011 889 3054 vera
911 2993 1029 3054 actioni
1051 2995 1196 3054 sumendi
1219 3002 1307 3054 ante·

184 3093 270 3154 cedit
293 3113 430 3174 eamque
453 3092 565 3172 efficit,
596 3115 639 3156 ex
661 3095 793 3156 notione
815 3096 963 3156 sumendi
986 3094 1126 3156 deducta
1148 3096 1197 3156 sit.
1241 3093 1308 3156 Sed

184 3204 314 3257 constat
337 3216 419 3258 nunc
449 3197 531 3259 inter
563 3217 684 3272 omnes,
720 3198 907 3278 saepissime
938 3199 969 3258 in
1000 3195 1107 3276 lingua
1137 3196 1195 3257 has
1218 3195 1307 3277 leges

184 3296 349 3377 neglectas
372 3318 452 3362 esse.
486 3298 539 3360 Ac
561 3299 705 3361 similiter
727 3301 759 3360 in
782 3299 850 3361 aliis
874 3318 1001 3380 quoque
1023 3297 1137 3379 linguis
1160 3301 1307 3362 notiones

184 3402 294 3462 utendi
318 3409 350 3463 et
373 3402 488 3481 egendi
512 3403 705 3482 cognatione
727 3403 867 3482 quadam
890 3403 972 3463 inter
993 3421 1028 3462 se
1046 3402 1255 3479 continentur,
1273 3410 1308 3463 ut

185 3522 244 3562 nos
266 3503 414 3564 dicimus:
443 3503 494 3565 ich
527 3503 669 3566 brauche
700 3505 751 3566 ein
773 3502 857 3566 buch
891 3513 924 3566 et
944 3523 1018 3584 pro:
1049 3512 1134 3564 utor
1164 3502 1245 3565 libro
1275 3512 1307 3565 et

185 3624 245 3682 pro
268 3624 363 3684 egeo
386 3605 477 3666 libro,

271 3722 421 3786 Ceterum
444 3727 535 3787 notio
557 3726 666 3787 utendi
689 3745 759 3785 rara
782 3733 832 3786 est
854 3725 940 3804 apud
963 3723 1157 3797 Homerum;
1187 3725 1306 3785 inveni-

185 3846 256 3887 mus
286 3829 370 3889 enim
402 3848 474 3890 eam
506 3829 554 3891 his
577 3836 703 3891 tantum
730 3825 807 3888 locis
835 3830 866 3892 Ψ
885 3829 947 3905 834
967 3851 987 3904 χ
1010 3828 1128 3888 266=
1146 3830 1164 3904 ξ
1184 3843 1243 3904 421
1265 3857 1307 3878 =

184 3951 209 3991 π
233 3931 303 4010 398.
