2940 4566
600 243 835 363 '-31-

255 454 400 516 Perfecta
421 445 549 534 passiva
571 454 764 533 quibusdam
787 475 829 517 ex
848 457 966 516 caussis
989 455 1031 516 ab
1054 458 1166 517 activis
1189 457 1290 518 seiun-

170 559 277 638 genda
301 566 382 621 sunt.

255 659 366 739 Atque
387 658 472 719 hunc
494 660 525 719 in
547 660 692 719 ordinem
717 660 935 738 quaerendum
959 679 1029 721 esse
1051 661 1187 720 videtur:

312 760 333 821 I.
357 763 399 822 de
414 745 552 823 ¹notione
573 760 705 839 perfecti
729 763 823 822 activi

345 880 369 924 1.
393 861 570 943 perfectum
593 864 634 924 ad
657 883 809 943 praesens
832 871 959 943 tempus
982 873 1107 944 spectat

381 965 422 1026 A.
445 965 535 1025 notio
559 966 705 1026 iterativa
727 984 797 1026 esse
819 966 945 1027 videtur

303 1091 306 1099 ·
386 1067 421 1127 B.
444 1068 534 1160 notio
558 1068 715 1128 intensiva
737 1087 807 1128 esse
830 1068 955 1128 videtur

384 1157 423 1241 ,C
446 1170 535 1229 notio
559 1177 664 1229 utrum
688 1169 729 1229 sit
747 1170 894 1231 iterativa
910 1189 950 1230 an
966 1170 1130 1244 intensiva,
1145 1170 1200 1229 vix
1218 1189 1293 1249 pos·

448 1290 556 1331 sumus
579 1271 760 1332 diiudicare.

342 1389 368 1455 2.Ι
392 1392 521 1445 verum
548 1370 741 1452 perfectum3
772 1380 898 1453 spectat
924 1374 966 1434 ad
997 1371 1208 1453 perfectam
1241 1391 1291 1432 ac-

395 1475 527 1534 tionem.

343 1590 370 1652 3.
392 1575 535 1654 perfecta
565 1595 648 1654 quae
675 1583 707 1637 et
733 1572 911 1654 praesentis
938 1585 971 1638 et
997 1574 1129 1656 perfecti
1161 1577 1293 1637 notione

394 1684 532 1737 utuntur.

339 1796 368 1854 4.
391 1780 472 1839 ratio
492 1781 626 1841 actionis
644 1782 675 1840 in
693 1782 854 1859 praesenti
865 1780 1042 1858 (transitiv.)
1054 1778 1114 1840 alia
1132 1787 1181 1842 est
1196 1787 1293 1858 atque

397 1882 427 1941 in
450 1880 592 1961 perfecto
617 1883 756 1961 (intrans,
779 1882 884 1960 med).
1140 1868 1144 1875 ¹

300 1983 337 2044 ΙΙ.
360 1985 401 2044 de
424 1985 557 2045 notione
578 1983 713 2064 perfecti
736 1985 854 2064 passivi
1123 2064 1124 2067 Ἴ

346 2102 370 2146 1.
393 2084 570 2165 perfectum
593 2086 635 2146 ad
658 2105 809 2166 praesens
832 2094 959 2166 tempus
983 2094 1116 2165 spectat.
1164 2149 1168 2156 ,

344 2204 371 2248 2.
395 2207 525 2248 verum
548 2185 733 2267 perfectum.
948 2266 950 2269 ι

257 2288 444 2368 Antequam
471 2308 549 2350 vero
576 2290 617 2350 ad
644 2291 677 2350 id
704 2287 792 2368 quod
815 2288 909 2349 nobis
940 2297 989 2350 est
1015 2290 1217 2368 propositum
1241 2307 1292 2348 ac-

173 2391 333 2470 cedamus,
356 2392 680 2453 commemorandum
702 2391 795 2452 nobis
815 2400 872 2465 est,
895 2392 1112 2470 conscriptum
1136 2391 1199 2450 iarn
1223 2410 1294 2450 esse

173 2492 315 2554 libellum
333 2513 352 2553 a
371 2493 616 2565 Warschauero,
635 2512 699 2572 quo
716 2491 809 2573 plane
827 2494 940 2554 eadem
957 2512 1007 2553 res
1025 2495 1056 2552 in
1072 2493 1293 2570 quaestionem

175 2603 292 2656 vocata
322 2603 372 2656 est
402 2596 455 2673 (de
482 2594 615 2675 perfecti
647 2595 732 2674 apud
764 2592 944 2655 Homerum
976 2614 1034 2654 usu
1060 2593 1145 2654 Diss.
1176 2593 1294 2654 Vratis

179 2696 308 2777 1866)'*).
353 2697 406 2759 Ac
432 2718 465 2758 re
491 2718 567 2758 vera
595 2696 646 2757 iile
673 2698 759 2758 idem
787 2705 884 2775 atque
911 2716 971 2757 nos
998 2695 1200 2756 tractandum
1231 2694 1292 2755 sibi
1335 2753 1337 2756 ,

174 2799 343 2878 proposuit
362 2819 421 2860 nec
439 2807 548 2878 potest
571 2799 688 2877 negari,
711 2799 932 2878 quaestionem
955 2817 1029 2857 eum
1052 2805 1139 2858 recte
1161 2798 1293 2857 omnino

175 2902 317 2980 sciteque
347 2902 527 2963 instituisse.
589 2901 702 2978 Neque
733 2910 842 2961 tamen
877 2902 922 2960 ita
960 2919 1028 2959 rem
1065 2919 1108 2960 ex
1144 2899 1293 2959 omnibus

174 3003 319 3083 partibus
349 3003 482 3083 perfecit
517 3002 735 3082 absolvitque,
773 3011 808 3063 ut
840 3022 905 3063 non
933 3000 1051 3080 aliquid
1078 3003 1181 3080 possit
1208 3000 1292 3062 addi.

176 3104 310 3185 Quaerit
346 3106 476 3185 quidem
504 3103 771 3176 Warschauerus,
807 3106 848 3164 ad
875 3104 964 3183 quod
990 3112 1119 3183 tempus
1147 3111 1294 3183 spectent

175 3205 299 3285 singula
327 3205 470 3287 perfecta
496 3209 581 3287 apud
605 3207 798 3280 Homerum;
827 3205 896 3267 sed¹
919 3206 1137 3285 quaerendum
1165 3225 1294 3285 quoque

176 3317 225 3370 est
254 3309 284 3369 in
315 3328 530 3389 unoquoque
560 3308 717 3390 perfecto,
746 3309 913 3388 quomodo
941 3328 960 3369 a
985 3310 1146 3388 praesenti
1169 3307 1294 3369 differat

176 3411 317 3490 notione,
340 3421 375 3472 ut
397 3431 480 3490 quae
502 3413 632 3491 propria
654 3413 695 3472 sit
718 3412 766 3471 vis
789 3412 964 3472 iterationis
987 3411 1101 3472 radicis
1124 3409 1294 3488 perspicia-

176 3519 234 3574 tur.
285 3513 441 3592 Denique,
471 3514 560 3592 quod
591 3513 722 3592 quidem
753 3514 896 3575 maxime
927 3513 1148 3573 desideramus
1179 3512 1211 3572 in
1241 3508 1294 3571 iila

243 3764 270 3827 ¹¹⁵)
289 3770 347 3832 Quo
375 3776 487 3832 tempore
514 3769 563 3817 hoc
590 3769 688 3833 scripsi,
711 3769 779 3832 quod
802 3769 937 3832 disputavit
962 3767 1112 3816 Fritzschius
1139 3766 1170 3813 de
1193 3765 1241 3812 hac
1268 3780 1294 3811 re

175 3855 307 3918 (sprachw.
339 3855 458 3904 abhandl.
489 3855 717 3917 hervorgegangen
744 3870 788 3902 aus
815 3853 902 3917 Georg
929 3852 1027 3902 Curtius
1051 3867 1132 3915 gram.
1159 3849 1294 3912 geseilsch.

175 3939 235 4003 Lps.
255 3940 328 4002 1874,
345 3954 370 4003 p.
389 3938 433 4003 43)
453 3939 564 3987 nondum
583 3946 668 3987 notum
689 3939 752 3987 mihi
771 3945 829 3988 erat.
