2940 4566
633 304 667 312 -..
716 268 755 345 56
798 302 839 312 -

178 437 300 520 Quare
321 459 381 519 pro
403 457 535 500 summo
549 436 642 511 malo
667 437 755 517 quod
776 456 835 517 pro
858 439 959 518 patria
977 438 1177 500 subeundum
1196 445 1291 514 esset,

176 561 241 602 non
272 542 368 602 mori
396 541 455 602 sed
478 548 668 602 mortuum
690 558 777 600 esse
805 538 975 612 habebant,
1005 537 1291 662 significabantque

177 643 210 703 id
233 641 347 723 lingua.

262 741 414 805 Ceterum
444 742 570 823 saepius
600 741 712 804 Graeci
752 742 974 804 condicionem
1003 742 1156 821 cogitant,
1194 761 1293 821 quum

176 865 236 906 nos
258 865 322 906 non
340 845 562 907 condicionem
577 846 634 906 sed
657 843 817 906 actionem
840 842 997 923 fingamus
1020 845 1127 905 animo
1150 840 1200 923 (cl.
1225 841 1291 903 inlr.

177 939 307 1024 ὄλωλα).

306 1047 526 1132 τέτληκας

307 1152 336 1217 Α
362 1152 423 1212 228
446 1143 524 1214 υάτε
547 1143 682 1231 λάχανά
716 1147 802 1213 ἰέναι
828 1145 889 1212 σὺν
916 1143 1125 1232 ἀριστήεσσιν
1152 1141 1292 1230 Ἁχαιαῒν

446 1252 605 1335 τέτληκας
627 1254 736 1334 θυμῷ.

305 1368 374 1434 543·
397 1377 417 1418 f
440 1369 509 1435 347·

261 1455 409 1534 Formae,
432 1477 514 1537 quae
535 1480 555 1519 κ
578 1456 682 1518 littera
703 1474 768 1516 non
791 1457 962 1516 instructae
981 1462 1063 1530 sunt,
1082 1453 1123 1514 ad
1141 1473 1292 1534 praesens

177 1566 305 1639 tempus
329 1566 474 1639 spectant
497 1557 545 1637 (cl.
570 1578 600 1639 p.
622 1561 681 1635 48).

269 1655 620 1745 ’ὑπεμνήμυκεν

305 1765 342 1826 X
358 1778 416 1841 491
438 1757 553 1826 πάντα
569 1755 599 1825 δ’
625 1757 838 1846 ὑπεμνήμυκε
857 1755 1080 1843 δεδάκρυνται
1096 1758 1131 1823 δὲ
1149 1761 1291 1843 παρειαί.

261 1861 436 1924 Notionem
458 1863 549 1925 huius
572 1862 703 1944 perfecti
723 1883 787 1924 non
805 1864 932 1942 attingi-t
954 1860 1137 1942 Spitznerus
1160 1865 1293 1942 (excurs.

176 1963 307 2041 XXlII),
346 1965 381 2025 ln
412 1966 498 2045 quod
530 1967 583 2045 qui
612 1966 802 2044 inquisivere
830 1966 912 2026 inter
941 1984 976 2026 se
1007 1983 1071 2024 non
1093 1963 1292 2025 conveniunt.

177 2065 224 2131 Ut
246 2067 309 2127 iam
331 2068 517 2131 omittamus
538 2067 710 2148 ineptiores
739 2067 896 2146 quasdam
917 2066 1092 2146 opiniones,
1125 2065 1208 2146 quae
1229 2074 1291 2127 tra-

177 2167 263 2231 ditae
292 2176 365 2230 sunt
394 2168 522 2232 scholiis
554 2177 587 2231 et
617 2169 703 2249 apud
734 2167 945 2248 Apollonium
981 2165 1051 2245 (lex.
1078 2179 1148 2247 159,
1173 2169 1218 2246 3),
1251 2168 1292 2230 de

177 2269 383 2341 Doederleini
405 2279 529 2333 tantum
552 2272 627 2351 quid
651 2271 863 2353 iudicandum
879 2272 920 2332 sit
943 2269 1107 2343 sententia,
1139 2289 1291 2350 quaeren-

105 2437 109 2446 ,
178 2373 255 2440 dum
278 2380 334 2433 est.
379 2372 442 2454 Qui
464 2392 562 2451 quum
590 2367 704 2436 πάντα
733 2373 947 2435 accusativum
977 2370 1142 2451 singularis
1170 2372 1292 2433 numeri

178 2492 249 2534 esse
267 2482 405 2549 censeat,
424 2473 591 2554 vulgarem
609 2476 903 2555 interpretationem
920 2493 1068 2555 „semper
1084 2475 1126 2552 (in
1143 2472 1292 2541 omnibus
1327 2456 1332 2465 ⁵

163 2573 275 2650 rebus,
297 2570 409 2643 πάντα
431 2597 495 2644 acc.
517 2576 571 2657 pl.)
594 2577 763 2640 demisso
785 2576 888 2657 capite
910 2575 1043 2637 incedit“
1066 2576 1163 2637 reiicit
1185 2577 1294 2639 vertit-

176 2695 252 2755 que:
277 2677 376 2748 cuivis
393 2676 554 2746 subiectus
572 2687 630 2752 est,
653 2679 864 2759 obtemperat,
886 2676 928 2740 ad
938 2679 1058 2760 bomnia
1080 2686 1208 2758 paratus
1232 2685 1292 2740 est.

178 2775 277 2858 Quod
295 2779 482 2842 doctissimo
500 2781 569 2842 viro
592 2781 769 2842 concedere
791 2800 855 2841 non
876 2799 1056 2860 possumus
1102 2780 1203 2841 Recte
1225 2779 1292 2858 qui·

178 2879 253 2940 dem
271 2877 552 2949 Doederleinius‘
535 2904 690 2966 υπημυω
707 2902 771 2943 non
795 2883 881 2943 idem
898 2880 1005 2945 valere
1023 2889 1117 2961 atque
1132 2878 1294 2964 κατημύιυ
1396 2921 1400 2928 -

177 2980 226 3059 (cf.
257 2982 366 3062 Apoll.
395 2984 502 3045 Rhod.
529 2983 571 3044 ΙΙΙ
597 3000 677 3063 1399
699 2980 796 3066 ε’ρνεα
815 2985 958 3065 φυταλιῇ
979 2978 1172 3064 νεόθρεπτα
1193 3005 1293 3067 κατη-

176 3077 319 3166 μάυυσιν
345 3081 449 3167 ἔραζε)
479 3087 607 3163 iudicat,
638 3106 735 3166 quum
765 3086 1017 3166 praepositiones
1046 3079 1113 3148 ὑπό
1144 3092 1178 3146 et
1206 3079 1294 3147 κατά

178 3182 313 3246 multum
344 3187 424 3248 inter
445 3207 480 3251 se
504 3187 629 3250 distent
675 3187 868 3268 Negandum
894 3196 1003 3248 autem
1034 3203 1118 3248 esse
1133 3186 1226 3247 nobis
1249 3185 1295 3246 vi-

178 3285 279 3364 detur,
302 3306 345 3347 ex
367 3286 430 3348 hoc
450 3289 596 3351 concludi
618 3308 723 3370 posse,
745 3284 858 3353 πάντα
880 3284 1115 3373 ὑπεμνήμυκεν
1132 3288 1218 3351 idem
1238 3307 1294 3348 va·

177 3383 241 3448 lere
271 3396 367 3468 atque
395 3386 498 3453 παντὶ
528 3391 675 3467 (cuilibet)
715 3385 908 3472 ὑποχείριός
946 3389 1048 3455 ἐστιν.
1104 3389 1294 3451 Persuasum

179 3490 264 3559 enim
286 3491 377 3552 nobis
399 3500 456 3567 est,
479 3491 541 3554 hoc
562 3512 658 3554 sensu
680 3511 744 3552 non
765 3492 981 3554 accusativum
995 3493 1057 3555 sed
1072 3494 1214 3554 dativum
1237 3492 1304 3568 ad·v

178 3588 355 3661 hibendum
386 3591 489 3665 fuisse·
509 3597 543 3655 ut
565 3597 601 3660 H
622 3609 692 3673 129:
723 3591 804 3668 τοὺς
833 3597 896 3657 νῦν
927 3592 955 3658 εἰ
984 3588 1202 3667 πτώσσοντας
1231 3589 1290 3672 ὑφ’

170 3681 306 3774 Ἕκτορι
336 3689 465 3768 πάντας
494 3690 641 3763 ἀνισάσαι.
693 3695 806 3776 Neque
841 3697 1017 3777 quidquam
1046 3697 1166 3769 attinet,
1205 3697 1298 3774 quod-

178 3793 294 3875 legitur
314 3798 400 3878 apud
423 3797 599 3867 Platonem:
631 3795 855 3883 ὑπερχίμενσς
882 3798 923 3883 δὴ
945 3795 1060 3878 βιάσει
1081 3794 1212 3871 πάντας
1233 3791 1293 3860 άν-

178 3892 340 3979 θρώπονς
357 3899 411 3971 καὶ
431 3895 603 3968 δουλεύσειν
619 3899 705 3978 (Crit.
718 3915 732 3979 3
738 3918 755 3980 3
775 3897 817 3979 hl)
836 3930 877 3959 ·-.-=
892 3920 927 3962 se
944 3899 1104 3980 applicans
1122 3901 1164 3963 ad
1180 3918 1292 3963 omnes
