2940 4566
193 436 229 494 iis
253 442 406 514 appareat
434 435 483 494 vis
502 436 794 513 praepositionum.
840 434 947 495 Radix
982 437 1065 496 enim
1096 456 1167 496 esse
1189 437 1316 497 videtur
1351 442 1362 455 ’

194 530 264 600 ἀνθ
281 543 363 596 'orta
390 554 432 596 ex
459 529 507 598 ἀθ
530 533 577 612 (s.
603 534 656 597 lat.
680 536 775 596 ad-or
798 534 885 597 Curt.
908 535 1032 615 Etym³
1057 537 1131 618 235)
1154 539 1241 598 cuius
1265 546 1314 598 est

192 639 283 698 notio
305 637 481 710 crescendi,
504 634 702 709 florescendi,
726 639 842 697 inserta
865 636 966 698 vocali
982 661 997 702 ε
1016 648 1070 700 aut
1089 662 1115 714 o,
1139 641 1227 718 quod
1246 659 1313 700 sae·

193 739 263 818 pius
285 736 322 798 fit
343 738 375 798 in
398 736 552 798 similibus
583 737 740 817 exemplis
767 736 865 815 (Curt.
886 738 1009 818 Etym.³
1031 741 1105 819 682>
1132 739 1315 820 factumque

193 859 264 901 esse
286 839 317 898 in
347 839 395 899 his
426 837 536 899 formis
567 839 700 900 coniecit
723 838 934 901 Buttmannus
958 838 1054 918 (lexil.
1079 842 1189 920 1289)
1215 837 1314 918 ἀνεθ,

166 929 168 933 ’
194 935 292 1005 ἀνοθ.
337 938 403 1002 Sed
428 939 639 1001 Buttmannus
662 941 803 1001 radicem
825 934 895 1004 ἀνθ
915 941 1036 1003 formae
1056 937 1228 1026 ἀνήνοθεν
1246 951 1313 1005 tan·
1387 967 1390 980 ¹

193 1050 261 1102 tum
284 1041 401 1103 tribuit.
445 1041 742 1102 Demonstrandum
773 1042 868 1121 igitur
890 1051 953 1117 est,
986 1045 1072 1122 quod
1104 1055 1202 1124 negat
1224 1045 1313 1105 Butt-

194 1163 344 1204 mannus:
381 1148 408 1223 1)
429 1143 460 1203 in
483 1142 609 1203 duobus
641 1140 789 1222 perfectis
822 1140 995 1224 ἀνήνοθεν
1030 1153 1061 1206 et
1084 1142 1315 1230 (ἓπ)ενήνοθεν

193 1247 324 1306 eandem
357 1242 422 1306 fere
454 1264 525 1305 esse
557 1245 739 1321 notionem,
779 1264 907 1325 quoque
939 1245 1085 1308 differant
1116 1247 1147 1308 id
1180 1247 1314 1307 diversis

194 1347 350 1411 effectum
373 1367 444 1407 esse
473 1345 762 1425 praepositionibus
794 1340 859 1409 ἀνά
892 1355 924 1407 et
955 1349 999 1411 ἐν.
1040 1350 1082 1424 ,2)
1111 1350 1314 1427 minimeque,

193 1449 280 1527 quod
306 1449 388 1508 duae
406 1449 437 1507 in
456 1445 644 1528 ἐπενήνοθε
664 1450 852 1509 coniunctae
870 1457 944 1508 sunt
958 1450 1220 1529 praepositiones
1243 1469 1315 1510 esse

194 1558 304 1610 contra
327 1548 560 1628 simplicitatem
583 1548 669 1609 illam
693 1550 849 1610 sermonis
872 1550 1032 1612 homerici.

278 1649 328 1712 Ac
343 1650 481 1730 primum
494 1651 624 1729 quidem
639 1670 702 1710 non
718 1659 802 1712 recte
812 1671 941 1731 prorsus
954 1652 1083 1730 negavit
1094 1652 1313 1727 Buttmannus‚

193 1753 358 1814 notionem
381 1753 495 1813 radicis
519 1746 587 1816 ἀνθ
607 1772 678 1812 esse
694 1783 735 1802 =
751 1751 928 1828 florescere,
952 1773 1050 1832 quum
1069 1754 1137 1834 ipse
1155 1762 1314 1827 statueret,

193 1853 372 1934 significare
395 1873 467 1914 eam
496 1855 749 1933 progerminare,
781 1874 967 1916 excrescere
998 1856 1042 1915 ita
1071 1863 1105 1914 ut
1128 1863 1233 1915 motus
1257 1876 1312 1916 ex-

193 1957 347 2036 primatur
369 1975 494 2016 sursum
515 1953 624 2016 factus
670 1955 713 2015 Et
736 1964 821 2016 recte
840 1958 970 2034 quidem
988 1976 1047 2037 pro
1066 1976 1123 2017 sua
1140 1958 1312 2033 sententia3

194 2079 267 2120 nam
290 2055 426 2136 simplex
450 2058 538 2116 notio
554 2056 749 2130 florescendi,
772 2057 831 2118 nisi
853 2057 977 2117 accedit
994 2058 1040 2118 vis
1059 2041 1314 2136 praepositionis

195 2180 291 2240 quam
318 2179 389 2221 esse
416 2160 447 2219 in
473 2159 535 2219 hoc
562 2156 704 2238 perlecto
726 2166 825 2238 negat
848 2158 1071 2232 Buttmannu5‚
1102 2160 1238 2220 reiicitur
1264 2161 1314 2221 his

193 2263 289 2325 locis:

238 2363 341 2431 Λ266
365 2357 454 2446 ὄφρα
478 2358 509 2426 οἱ
533 2355 596 2444 αἷμ’
622 2359 672 2423 ἔτι
695 2361 824 2445 θερμὸν
847 2358 1019 2447 ανήνοθεν
1042 2361 1076 2441 ἐξ
1098 2358 1238 2449 ὠτειλῆς

239 2470 329 2549 ο269
351 2461 517 2549 γιγιώοκοι
554 2453 642 2528 d'llu
677 2464 798 2527 πολλοὶ
833 2463 869 2527 ἐν
905 2459 1000 2547 αὐτῷ
1031 2464 1130 2528 δαῖτα
1161 2468 1314 2530 τίθενται

354 2561 474 2648 ἀνδρες
496 2566 566 2631 ἐπεὶ
585 2566 679 2649 κνίση
702 2565 763 2648 μὲν
787 2560 967 2650 ἀνήνοθεν,
990 2566 1027 2631 ἒν
1051 2565 1090 2630 δέ
1112 2590 1148 2630 τε
1172 2563 1316 2651 φόρμιγξ

352 2663 452 2753 ἠπύει
474 2703 517 2712 -

196 2772 284 2834 Luce
306 2771 419 2832 clarius
443 2778 492 2830 est
514 2771 545 2830 in
567 2790 660 2831 versu
678 2773 708 2834 Λ
720 2773 782 2831 226
801 2772 996 2851 descriptum
1015 2791 1085 2831 esse
1105 2780 1228 2832 motum
1247 2792 1314 2832 sur-

196 2895 267 2935 sum
289 2872 407 2934 factum
435 2891 538 2950 neque
569 2869 657 2931 aliter
687 2872 718 2931 in
740 2892 833 2932 versu
857 2886 960 2953 0270.
1005 2869 1314 2951 Comparandusque

196 2984 245 3036 est
267 2994 340 3035 cum
363 2975 468 3053 priore
487 2971 560 3033 loco
580 2992 690 3033 versus
709 2977 814 3052 P297‚
839 2972 893 3033 ubi
911 2972 1104 3053 praepositio
1129 2966 1198 3036 ἀνά
1221 2971 1314 3053 plane

196 3079 312 3138 eodem
335 3095 429 3136 sensu
454 3082 557 3136 extat:

238 3177 418 3258 ἐγκέφαλος
437 3176 473 3240 δὲ
495 3173 563 3259 παῤ
587 3170 692 3239 αὐλὸν
716 3170 901 3258 ἀνέδραμεν
923 3174 957 3254 ἐξ
975 3169 1114 3259 ὠτειλῆς

240 3284 281 3353 (Λ
297 3281 359 3341 226
383 3273 462 3362 αἷμα
482 3272 708 3361 -ἀνήνοθεν
732 3275 766 3355 ἐξ
788 3271 946 3362 ὠτειλῆς).

197 3380 306 3461 Quum
328 3400 405 3442 vero
424 3381 648 3453 Buttmannus‚
678 3380 949 3459 praepositionem
976 3377 1171 3458 inperfecto
1194 3372 1313 3462 ἀνήνο-

196 3489 260 3548 θεν
293 3503 363 3544 esse
394 3476 527 3560 negaret
558 3481 847 3560 contenderetque,
879 3480 1128 3559 reduplicatione
1155 3481 1250 3540 attica
1282 3466 1329 3562 id]

196 3588 384 3646 instructum
415 3603 497 3657 esse,
526 3591 650 3643 motum
678 3581 765 3642 illum
794 3603 919 3643 sursum
946 3581 1065 3642 sactum
1092 3584 1155 3642 iam
1178 3580 1314 3661 simplici

196 3688 303 3747 radice
325 3679 396 3750 ἀνθ
418 3705 609 3765 expressum
641 3703 723 3756 esse,
757 3685 937 3744 necessario
961 3684 988 3744 ei
1011 3692 1078 3744 erat
1101 3683 1313 3746 statuendum.

198 3786 294 3868 Quod
318 3787 449 3848 nonita
481 3807 563 3860 esse,
595 3787 799 3866 radicemque
822 3780 892 3849 ἀνθ
925 3785 999 3846 nihil
1029 3786 1113 3846 aliud
1137 3782 1314 3863 significare
1384 3821 1387 3825 -

197 3891 256 3950 nisi
275 3889 451 3962 florescere,
462 3890 699 3950 demonstratur
717 3887 891 3964 vocabuliS,
901 3907 983 3966 quae
998 3887 1038 3947 ab
1058 3887 1117 3947 hac
1131 3906 1192 3946 una
1207 3887 1315 3946 radice
