2940 4566
623 297 829 363 ..57-

171 455 316 519 homines
338 457 437 534 iisque
459 452 639 528 blandiens;
669 473 806 534 namque
828 475 886 517 usu
908 454 1070 518 Platonico
1102 472 1166 523 non
1188 453 1287 535 expli-

111 636 114 642 Α
171 557 234 619 cari
256 557 329 619 licet
356 575 430 617 usus
452 555 651 618 Homericus.
695 555 768 619 Huc
789 559 925 636 accedit,
948 558 1033 637 quod
1056 555 1187 619 confusa
1208 576 1285 636 quo

172 659 347 720 dammodo
370 666 466 737 atque
489 657 678 719 conturbata
709 659 834 721 videtur
864 679 936 722 esse
957 660 1094 722 narratio
1116 655 1227 723 πάντα
1252 652 1283 722 δ’

170 756 380 845 ὑπεμνήμυκε
397 757 440 843 -l-
455 755 677 843 δεδάκρυνται
705 760 740 824 δὲ
766 762 899 843 παρειαί
915 791 957 812 =
972 759 1100 823 cuilibet
1125 760 1285 822 subiectus

172 870 222 925 est
238 859 281 945 -l-
298 880 465 942 genaeque
487 861 625 924 suffusae
648 870 721 922 sunt
743 861 888 925 lacrimis.
926 863 1034 945 Quare
1056 864 1224 942 nescimus,
1246 881 1286 923 an

171 964 308 1045 vulgaris
327 963 378 1026 illa
393 964 610 1045 interpretatio
619 967 720 1046 magis
739 965 906 1046 probanda
920 968 969 1027 sit.
993 965 1139 1028 Verbum
1156 966 1285 1046 quidem

171 1061 266 1151 ήμύοι
288 1087 345 1148 per
363 1087 398 1128 se
416 1066 593 1147 significare
609 1067 797 1142 „demittere
815 1065 869 1130 se‘
887 1088 990 1148 neque
1009 1089 1105 1148 egere
1123 1069 1285 1149 praeposi-

172 1169 258 1230 tione
267 1165 362 1242 κατά,
375 1188 472 1248 quam
485 1170 637 1250 proponit
649 1169 750 1231 verbo
759 1169 951 1250 Apollonius
961 1169 1107 1231 Rhodius
1117 1169 1171 1249 (Ill
1185 1173 1286 1251 1399),

171 1278 303 1352 apparet
325 1291 367 1332 ex
390 1270 537 1332 omnibus
560 1269 636 1332 locis
669 1271 723 1332 ubi
747 1270 865 1352 legitur
895 1280 930 1333 ut
955 1276 1061 1350 T4o5

173 1369 236 1436 τὸν
259 1365 290 1435 δ’
316 1365 365 1453 ἂρ’
390 1368 457 1436 ὑπὸ
481 1367 619 1455 ζυγόφιν
640 1373 791 1457 προσέφη
814 1369 923 1449 πόδας
945 1369 1059 1455 αἰόλος
1080 1369 1182 1448 ἵππος

171 1470 319 1549 Ξάνθος,
343 1467 433 1557 ἄφαρ
456 1469 489 1538 δ’
513 1468 633 1560 ἤμυσε
664 1471 814 1559 καρήατι.
964 1473 965 1477 ’

171 1586 206 1639 ut
227 1576 317 1640 facile
339 1578 512 1646 credideris
529 1575 740 1658 Apollonium
758 1574 844 1642 κατά
867 1580 1138 1660 praepositionem
1161 1598 1204 1639 ex
1225 1597 1284 1639 suo

171 1680 299 1741 arbitrio
320 1667 419 1742 verbo
441 1680 656 1761 proposuisse,
680 1689 724 1758 ut,
748 1682 823 1760 quid
845 1680 964 1743 valeret
981 1680 1077 1762 plane
1100 1679 1284 1742 obsoletum

171 1780 248 1842 illud
266 1781 410 1860 verbum,
429 1780 548 1843 facilius
566 1781 742 1844 sentiretur.
778 1781 839 1844 Per
854 1781 1084 1863 pleonasmum¹
1098 1782 1193 1862 igitur
1211 1780 1287 1843 fort-

171 1903 242 1944 asse
274 1884 394 1945 dictum
426 1891 474 1944 est
503 1879 699 1967 κατ-ήμύοο.
753 1884 782 1946 si
812 1903 889 1945 vero
920 1885 1010 1945 notio
1040 1884 1285 1964 praepositionis

171 1980 257 2049 κατά
279 1984 412 2065 simplici
430 1986 532 2047 verbo
554 1980 648 2069 ήμύιο
671 2006 730 2067 per
751 2006 787 2048 se
808 1985 961 2060 inhaeret,
984 1978 1063 2059 ὑπό,
1086 1986 1173 2064 quod
1197 1991 1287 2046 extat

172 2089 201 2148 in
231 2084 374 2168 perfecto
405 2084 628 2173 ὑπεμνήμυκε,
659 2097 744 2150 certe
774 2088 833 2150 alia
863 2091 960 2150 utitur
988 2089 1126 2149 notione.
1173 2086 1287 2166 Neque

172 2188 353 2253 dubitamus
383 2191 587 2268 contendere,
616 2186 684 2254 ὑπό
707 2192 739 2252 in
760 2189 823 2253 hoc
844 2189 987 2271 perfecto
1008 2187 1070 2251 tale
1092 2208 1171 2262 esse,
1193 2186 1286 2267 quale

170 2291 200 2351 in
229 2286 465 2374 ὑποδερμαίνιο
495 2289 687 2354 subcalfacio
718 2292 763 2370 (Π
791 2295 863 2371 333)
898 2287 1110 2358 ὑπολεκαίνοο
1141 2291 1183 2369 (Ε
1206 2290 1286 2368 502),

98 2404 102 2408 “
171 2388 398 2475 ὑποπερπάζοι
422 2395 453 2477 (n
477 2395 545 2472 126)
568 2392 635 2456 aliis
648 2392 771 2456 -verbis
814 2392 886 2474 Qua
907 2393 1145 2475 praepositione
1167 2392 1286 2468 addita,

171 2495 259 2555 notio
281 2494 370 2557 verbi
392 2502 571 2558 attenuatur
588 2496 832 2574 quodammodo
855 2516 892 2557 ac
914 2495 1113 2557 deminuitur.
1149 2494 1285 2556 Verten-

171 2598 248 2658 dum
278 2590 378 2677 igitur
394 2618 464 2660 esse
490 2597 582 2659 nobis
610 2599 734 2659 videtur
759 2596 810 2659 ille
837 2617 960 2659 versus:
991 2617 1136 2678 „semper
1162 2591 1286 2671 (πάντα

172 2729 213 2749 =
228 2699 376 2761 omnibus
406 2702 489 2762 vitae
520 2699 758 2761 condicionibus
789 2697 827 2760 cf.
858 2705 884 2764 θ
916 2715 979 2776 214
1006 2695 1120 2762 πάντα
1149 2696 1211 2779 γὰρ
1243 2691 1284 2760 οὐ

171 2796 274 2876 κακός
295 2799 370 2885 εἰμι)
394 2802 539 2863 demisso
557 2800 730 2882 paullulum
752 2821 889 2881 corpore
913 2799 1029 2862 incedit
1051 2794 1284 2884 (ὑπεμνήμυκε)

171 2922 336 2984 genaeque
351 2902 486 2965 lacrimis
504 2901 642 2964 suffusae
660 2909 767 2978 sunt“;
787 2902 874 2981 quod
893 2902 1003 2963 melius
1022 2909 1107 2962 certe
1125 2908 1174 2962 est
1189 2919 1285 2980 quam

172 3004 259 3067 illud:
283 3003 427 3080 „cuilibet
442 3005 603 3067 subiectus
622 3012 672 3066 est
688 3023 853 3084 genaeque
875 3002 1012 3066 lacrimis
1030 3001 1167 3064 suffusae
1184 3006 1283 3063 sunt‘.

173 3106 265 3188 Quae
287 3116 319 3169 et
341 3107 518 3170 Aristarchi
540 3109 637 3169 fuisse
659 3107 817 3169 sententia
839 3107 973 3184 videtur,
999 3105 1025 3166 si
1048 3105 1177 3184 quidem
1200 3113 1285 3165 recte

172 3210 288 3271 tradita
311 3216 359 3270 est
381 3209 506 3272 scholiis
533 3205 573 3288 „d
594 3208 629 3274 δὲ
648 3202 858 3291 Ἀρίσταρχος
883 3207 937 3272 ἐπὶ
960 3209 1024 3271 τοῦ
1041 3205 1284 3271 κατανένευκεν

171 3309 369 3394 ἐκδέχεται.“

298 3409 422 3497 παρή
432 3435 570 3495 χοικεν
607 3439 611 3450 ·

298 3520 331 3581 K
352 3529 420 3595 252>
437 3549 475 3568 w
497 3510 705 3598 παρῷχοοιιεν
727 3513 763 3579 δὲ
784 3513 898 3578 πλέοον
919 3509 987 3592 νύξ

173 3618 274 3679 maior
295 3637 368 3698 pars
391 3617 495 3679 noetis
520 3619 584 3679 iam
610 3617 785 3697 praeteriit;
818 3636 899 3696 quae
928 3616 1016 3678 notio
1048 3623 1081 3681 et
1110 3611 1285 3695 praesentis

173 3718 307 3803 οἴχομαι
327 3720 453 3801 propria
468 3726 517 3781 est
532 3717 569 3780 of.
585 3741 604 3802 χ
620 3735 636 3798 3
642 3736 658 3798 3
664 3733 679 3798 5
698 3712 760 3802 ήδη
776 3716 838 3802 γὰρ
854 3715 939 3798 φάος
957 3710 1063 3799 οἴχεθ’
1084 3712 1151 3779 ὑπὸ
1170 3709 1285 3796 ζόφον,

172 3821 293 3883 Herod.
323 3820 429 3901 11187
456 3820 703 3905 παροιχομένης
731 3815 864 3898 νυκτός,
895 3827 930 3880 ut
959 3820 1018 3881 nisi
1047 3808 1285 3881 terminationes

172 3923 348 4003 praesentis
363 3932 477 3998 essent,
492 3943 557 3985 non
572 3922 797 3996 dubitaremus,
813 3920 942 4005 οἲχομαι
960 3930 995 3982 ut
1013 3914 1088 3984 olda
1103 3919 1134 3979 in
1152 3935 1284 3984 numero
