2940 4566
626 301 838 368 —n-

172 474 259 516 mam
295 456 337 515 ad
371 454 548 534 perfectum
585 452 696 527 refert,
738 452 826 533 quod
861 453 903 514 sit
940 453 1129 515 instructum
1161 454 1294 515 notione

171 556 291 618 aoristi.
351 554 412 616 Est
442 555 549 635 potius
581 553 930 636 plusquamperfectum
967 555 1034 615 sive
1069 553 1293 634 imperfectum

174 655 372 741 (ἐγέγωνον).

258 757 379 818 Totum
398 755 534 817 verbum
553 756 837 837 reduplicationem
859 756 994 837 praebet
1009 757 1188 835 eademque
1206 757 1294 818 notio

148 858 322 939 ‚omnibus
345 866 394 920 est
416 856 626 937 temporibus.
671 858 724 920 De
746 858 877 919 notione
899 857 938 920 cf.
961 857 1088 920 Bekker
1109 857 1196 919 horn.
1219 857 1261 919 bl.
1280 864 1295 919 Ι

174 963 233 1040 283
258 980 346 1041 seqq.
371 958 473 1021 Lehrs
497 958 603 1020 Arise
625 980 656 1040 p.
683 974 750 1021 100.

300 1057 515 1144 κεκληγώς.

299 1167 330 1227 Ε
354 1175 408 1241 591
437 1196 477 1206 -
500 1151 591 1243 ὦρτο
614 1156 667 1226 ἐπ’
694 1156 819 1237 αὐτοὺς
841 1158 1017 1246 κεκληγώς.

302 1269 331 1329 Λ
354 1265 412 1326 168
435 1299 476 1308 -—
500 1260 519 1328 ὁ
544 1262 580 1327 δὲ
602 1286 631 1328 κ.
655 1257 745 1327 ἓίιετ>
771 1262 844 1327 αἰεί.

345 1381 407 1444 344
423 1393 470 1466 .²
493 1367 524 1428 Ε
547 1377 615 1443 59]·

301 1470 338 1529 Ν
343 1480 381 1545 75
389 1479 403 1544 5
415 1466 435 1550 η
447 1463 488 1549 ῥα
506 1466 562 1528 καὶ
577 1458 720 1549 ὡρμήθη
737 1458 809 1548 άρει
822 1461 976 1545 νιφόεντι
986 1462 1104 1539 ἐοικώς
1115 1465 1117 1549 l
1128 1460 1297 1548 κεκληγώς

302 1571 332 1631 Β
354 1584 415 1628 222
440 1561 517 1645 ὀξέα
539 1562 708 1650 κεκληγώς
730 1561 797 1650 λέγ’
824 1562 956 1643 ὀνεὶήεα
978 1567 1015 1629 cs.
1039 1573 1069 1633 P
1089 1570 1138 1631 88.

299 1691 321 1750 μ
343 1671 406 1744 408
426 1663 522 1750 (αῐφα
539 1665 602 1749 γὰρ
619 1657 895 1752 ήλθε)κεκληγοσς
911 1668 1062 1752 Ζέφυρος

301 1766 527 1853 κεκλήγοντες.
551 1806 592 1814 -
614 1772 648 1832 Π
667 1784 732 1847 430
753 1770 865 1848 P756
887 1773 905 1847 ξ
928 1785 969 1848 30
990 1784 1012 1853 μ
1036 1772 1099 1849 256
1120 1774 1162 1835 M
1183 1783 1251 1849 123.
1357 1775 1360 1782 '

258 1871 361 1934 Extat
383 1891 535 1952 praesens
564 1872 650 1951 apud
674 1871 855 1932 Homerum
877 1869 998 1952 κλάζω,
1028 1880 1062 1933 ut
1085 1892 1167 1951 quae
1189 1873 1230 1934 sit
1252 1873 1298 1935 vis

174 1972 310 2053 perlecti
337 1972 583 2035 luculentissime
615 1981 779 2053 appareat.
832 1973 1095 2053 Peropportunus
1128 1982 1178 2035 est
1208 1973 1297 2036 locus

172 2075 209 2137 Π
226 2076 298 2150 428.
319 2088 391 2152 431:
416 2090 470 2152 32:
1030 2074 1038 2091 '

302 2173 335 2239 οἳ
357 2169 387 2237 d'
414 2165 461 2249 ὥς
475 2168 509 2238 τ’
528 2171 677 2258 αἰγυπιοὶ
694 2169 917 2257 γαμψώνυχες
938 2171 1169 2257 ἀγκυλοχεῖλαι

300 2276 404 2359 πέτρη
426 2270 483 2356 ἐφ’
509 2271 620 2359 ὑψηλή
640 2271 766 2359 μεγάλα
783 2272 978 2358 κλάζοντε
999 2273 1175 2360 μάχωνται

300 2368 347 2453 αἷς
370 2376 403 2442 οἳ
424 2374 644 2462 κεκλήγοντες
665 2372 717 2442 ἐπ’
744 2372 936 2462 ἀλλήλοισιν
958 2372 1114 2462 άρουσαν.

257 2478 430 2559 Significat,
455 2487 489 2540 ut
511 2480 687 2540 rectissime
715 2479 855 2559 explicat
877 2479 1047 2542 Dammius
1070 2480 1144 2561 (lex.
1167 2501 1198 2561 p.
1221 2482 1295 2560 631)

172 2577 336 2662 κλάζοντε
364 2600 480 2642 vocem
511 2580 625 2642 harum
654 2581 761 2642 avium
790 2579 986 2659 „lugubriter
1018 2591 1050 2643 et
1082 2582 1296 2662 interrupte

172 2689 367 2744 sonantem“.
389 2683 465 2743 Non
476 2703 534 2763 per
551 2691 656 2745 totum
667 2690 830 2770 certamen
848 2703 924 2744 aves
934 2703 1050 2745 vocem
1066 2685 1165 2745 edunt
1180 2685 1238 2745 sed
1256 2705 1297 2745 eo

171 2791 297 2846 tantum
319 2793 440 2865 puncto
464 2785 628 2864 temporis,
657 2804 722 2864 quo
745 2783 845 2846 altera
867 2785 899 2845 in
921 2784 1055 2846 alteram
1078 2785 1172 2859 irruit,
1196 2804 1295 2864 quum

172 2885 313 2947 milites
346 2887 418 2965 (432
451 2879 498 2961 oie
529 2883 562 2950 oi
592 2882 823 2970 κεκλήγοντες)
855 2886 1004 2947 continua
1037 2887 1122 2948 edita
1152 2906 1234 2948 voce
1265 2888 1296 2947 in
1376 2951 1380 2960 ,

171 2987 282 3049 hostes
313 2988 469 3068 impetum
499 2987 623 3049 faciant.
677 2986 891 3067 Similiterque
925 2987 1050 3050 assidue
1080 2988 1296 3067 continuoque

172 3088 322 3168 obiurgat
344 3088 510 3152 Thersites
533 3088 665 3152 Ulixem
689 3089 730 3167 (B
753 3089 825 3167 222)
849 3097 881 3150 et
896 3088 1008 3169 strepit
1024 3096 1137 3150 ventus
1161 3089 1295 3171 (μ408).

173 3188 281 3271 Quare
311 3191 408 3264 actio,
442 3210 524 3270 quae
555 3189 751 3270 significatur
782 3188 885 3251 sorma
914 3185 1090 3270 κλάζοντε,
1121 3191 1297 3252 commode

172 3311 245 3353 cum
269 3299 398 3372 punct0,
429 3312 512 3372 quae
533 3291 729 3371 significatur
751 3291 856 3352 forma
887 3287 1064 3374 κεκληγώς,
1104 3312 1177 3353 cum
1207 3290 1296 3366 linea,

172 3413 255 3472 quae
277 3414 319 3455 ex
350 3394 481 3473 singulis
511 3394 637 3474 punctis
669 3393 857 3468 continetur,
891 3393 1070 3475 comparari
1101 3401 1219 3474 potest,
1261 3400 1296 3453 ut

172 3502 327 3576 appareat
349 3514 431 3574 quae
453 3495 495 3557 sit
517 3495 565 3556 vis
587 3494 770 3556 iterationis.
816 3492 869 3556 Sic
891 3499 925 3559 K
946 3496 1023 3573 276:

299 3633 339 3642 —
362 3597 416 3661 τοὶ
440 3591 470 3660 d'
496 3591 560 3660 οὐκ
581 3594 659 3661 ἰ’δον
682 3591 889 3679 ὀφθαλμοῖσι
912 3591 1083 3679 (ἐρωδιάν)
1132 3587 1137 3597 ’

299 3694 406 3761 νύκτα
429 3692 474 3760 δι’
501 3692 667 3781 ὀρφναίην
691 3693 775 3761 ἀλλὰ
797 3694 1044 3781 κλάγξαντος
1066 3689 1221 3762 άκουσαν

171 3799 213 3859 de
234 3798 409 3879 interrupta
431 3819 512 3860 voce
540 3799 661 3861 dictum
693 3800 743 3860 'est
764 3818 924 3879 praesens,
947 3818 1029 3879 quae
1052 3796 1152 3878 qualis
1175 3798 1223 3872 sit,
1251 3799 1296 3859 in-

172 3909 265 3962 eunte
296 3920 371 3964 vere
402 3900 513 3963 avibus
545 3922 563 3962 e
595 3901 772 3982 peregrinis
804 3902 894 3963 terris
921 3903 967 3964 ad·
994 3921 1053 3968 nos
1080 3900 1299 3979 redeuntibus,
1365 3884 1367 3889 ⁸

1125 4015 1139 4066 3
