2940 4566
640 338 852 382 ...10-

228 495 262 555 K
278 508 336 569 134
358 525 399 536 —
424 493 584 572 (χλαῖναν)
609 484 690 574 odra
714 490 734 552 d
768 488 954 573 ἐπενήνοθε
977 489 1081 576 λάχνη

168 600 239 663 aut
263 595 294 653 in
316 595 421 673 capite
444 593 600 653 Thersitis

231 697 329 774 8219
351 693 456 774 φοξὸς
477 691 535 777 ἔην
557 692 704 778 κεφαλὴν
727 692 834 778 ψεδνὴ
857 688 885 756 d'
910 691 1096 779 ἐπενήνοθε
1118 692 1230 780 λάχνη,

185 804 239 858 aut
260 796 425 878 praeclaro
448 795 521 856 oleo
545 796 729 875 superfusos
753 816 823 857 esse
846 797 925 856 deos

228 904 254 962 θ
266 899 323 976 365
349 897 468 980 (ἐλαίῳ)
491 892 649 979 ἀμβρότῳ
669 890 722 961 οἶα
737 895 845 971 θεοὺς
862 894 1072 979 ἐπενήνοθεν
1091 897 1161 962 αἰὲν
1183 897 1304 975 ἐόντας

187 997 387 1078 significaret.
435 998 542 1080 Quam
569 1018 715 1059 caussam
747 1000 873 1058 inanem
904 1018 976 1059 esse
1003 1020 1106 1079 neque
1129 1002 1303 1080 quidquam

185 1100 290 1162 valere
312 1100 392 1163 infra
418 1099 698 1162 demonstrabitur.
744 1094 845 1160 Duae
864 1101 959 1178 igitur
981 1101 1074 1161 nobis
1101 1110 1211 1181 patent
1233 1106 1304 1164 viae

185 1204 395 1284 explicandae
418 1203 509 1263 huius
537 1201 674 1262 formae:
710 1204 734 1278 1)
758 1210 813 1262 aut
844 1221 916 1262 cum
940 1201 1135 1263 Buttmanno
1168 1204 1302 1283 redupli-

185 1308 344 1366 cationem
363 1306 495 1365 atticam·
508 1324 579 1365 eam
597 1302 763 1383 praebere;
788 1305 817 1380 2)
835 1312 890 1364 aut
913 1307 1127 1384 compositam
1143 1325 1213 1365 eam
1233 1326 1303 1367 esse

186 1425 259 1466 cum
282 1404 571 1486 praepositionibus
595 1399 660 1468 ἀνά
677 1398 729 1481 (ἀν
740 1441 750 1449 -
762 1401 933 1488 ήνοθ-εν)
952 1415 984 1467 et
1002 1407 1038 1471 ἔν
1055 1402 1221 1490 (ἔν-ήνοθ
1232 1443 1244 1452 -
1256 1411 1302 1483 εν)

186 1508 389 1568 iudicandum
412 1515 469 1568 est.
513 1506 760 1586 ingrediendam
791 1514 897 1567 autem
921 1527 992 1569 esse
1015 1528 1087 1568 eam
1109 1510 1208 1581 viam,
1241 1529 1303 1588 qua

161 1627 282 1693 ¹quam
306 1610 455 1669 minimae
478 1607 608 1668 obstent
632 1606 842 1681 difficultates
865 1617 1114 1670 consentaneum
1137 1617 1192 1670 est.

271 1708 382 1789 Atque
405 1729 539 1789 magnas
563 1730 619 1770 sua
642 1712 798 1771 sententia
830 1709 891 1770 sibi
922 1710 1079 1771 contrahit
1102 1709 1302 1772 difficultates

189 1811 416 1883 ButtmannuS,
451 1831 550 1890 quum
574 1812 655 1872 duae
679 1813 707 1872 ei
730 1813 971 1873 constituendae
994 1814 1056 1872 sint
1079 1815 1216 1885 radices,
1245 1835 1306 1874 una

188 1932 270 1992 quae
293 1912 435 1974 subiecta
462 1916 503 1973 sit
525 1912 668 1993 perlecto
692 1909 917 1997 (ἔπ-)ενήνοθε
933 1944 975 1964 =
992 1913 1072 1978 ἔνεθ
1096 1914 1148 1992 (ex
1172 1912 1234 1978 ἔνθ
1259 1916 1289 1975 in

188 2023 272 2082 serta
291 2038 305 2078 ε
329 2014 450 2093 vocali),
473 2013 573 2074 altera
595 2034 677 2093 quae
700 2014 842 2076 subiecta
857 2017 898 2075 sit
915 2014 1058 2095 perfecto
1078 2010 1249 2099 ἀνήνοθεν
1264 2046 1305 2064 =

188 2110 275 2181 ἀνεθ
301 2124 354 2190 (ex
377 2111 446 2181 ἀνθ
469 2118 586 2177 inserta
610 2139 624 2179 ε
648 2115 770 2196 vocali).
816 2116 912 2197 Quod
936 2138 995 2178 nec
1017 2117 1120 2178 forma
1139 2138 1197 2179 nec
1212 2139 1305 2179 sensu

188 2217 348 2298 probatur.
393 2218 547 2279 Libenter
570 2219 654 2277 enim
677 2219 810 2278 concedi
832 2226 949 2296 potest,
973 2213 1062 2281 ἀνεθ
1080 2220 1220 2280 radicem
1236 2241 1306 2281 esse

188 2320 319 2400 perfecti
342 2314 524 2402 ἀνήνοθεν,
547 2337 742 2397 quamquam
757 2317 964 2397 reduplicatio
987 2321 1083 2378 attica
1105 2321 1136 2378 in
1159 2339 1198 2380 eo
1221 2330 1306 2381 certe

188 2442 253 2482 non
276 2430 340 2495 est;
370 2422 428 2481 sed
459 2418 539 2481 salse
562 2420 773 2480 Buttmannus
805 2417 900 2481 refert
931 2415 1096 2503 ἔνήνοθεν
1130 2423 1170 2482 ad
1197 2420 1306 2482 fictam

188 2523 327 2583 radicem
353 2520 432 2584 ἔνεθ
455 2521 510 2599 (ex
531 2519 614 2601 ἔνθ),
638 2541 720 2600 quae
742 2521 885 2583 subiecta
908 2523 948 2582 sit
972 2530 1003 2582 et
1025 2525 1096 2582 voci
1120 2520 1224 2586 ἔντεα.
1272 2522 1305 2584 Si

190 2632 274 2685 esset
297 2644 330 2683 re
353 2643 429 2684 vera
451 2625 547 2703 stirps
570 2623 648 2699 ἔνθ,
681 2631 788 2684 tamen
811 2623 890 2684 liaeo
913 2642 979 2682 vox
1003 2622 1044 2684 ab
1068 2643 1105 2684 ea
1128 2627 1305 2705 separanda

189 2734 286 2798 esset,
314 2726 401 2804 quod
425 2730 450 2788 θ
474 2733 506 2784 et
528 2747 548 2786 τ
570 2726 729 2785 rarissime
760 2727 841 2785 inter
863 2744 897 2784 se
920 2723 1162 2789 confunduntur.
1210 2727 1306 2807 Quod

189 2836 296 2887 autem
320 2824 415 2888 refert
437 2828 477 2887 ad
500 2825 582 2886 hanc
604 2828 744 2887 radicem
773 2823 858 2904 ἔθω,
889 2816 975 2911 ήθος
997 2836 1128 2908 propter
1151 2826 1306 2906 significa-

189 2920 308 2990 tionem
328 2929 459 2989 concedi
478 2949 541 2989 non
560 2936 668 3008 potest
687 2926 834 3003 (Curtius,
850 2926 976 3009 Et'ym.³
994 2931 1077 3007 236),
1101 2950 1203 3009 neque
1221 2939 1306 2990 recte

189 3033 232 3094 M.
256 3029 427 3091 Muellerus
450 3030 567 3106 (Kuhn,
590 3030 710 3091 Ztschr.
729 3029 775 3091 IV
792 3036 866 3107 272)
891 3050 988 3110 quum
1012 3035 1201 3093 assentiatur
1218 3031 1306 3092 Butt-

190 3154 315 3205 mann0,
339 3142 521 3193 commotus
546 3133 662 3193 iudicio
685 3140 829 3193 veterum
848 3134 1137 3212 grammaticorum,
1161 3135 1213 3212 qui
1236 3129 1306 3216 ἔνή-

189 3240 295 3298 νοθεν
322 3235 409 3295 idem
432 3234 536 3295 valere
559 3243 655 3314 atque
677 3233 772 3318 ἐπήν,
795 3233 945 3297 ἐπέκειτο
964 3232 1145 3308 censebant,
1168 3235 1307 3294 radicem

190 3333 226 3401 {d
249 3338 382 3415 (sed-eo)
405 3336 467 3396 huc
498 3337 658 3415 pertinere
687 3337 885 3399 existimavit.
929 3335 1060 3396 Nullum
1091 3337 1186 3414 igitur
1213 3354 1305 3395 voca-

188 3439 298 3500 bulum
329 3441 360 3499 in
386 3457 502 3518 graeca
533 3437 641 3517 lingua
672 3447 783 3499 extare
810 3439 951 3523 videtur,
983 3438 1071 3517 quod
1102 3457 1120 3497 a
1151 3435 1225 3497 ficta
1256 3436 1308 3498 illa

189 3541 295 3602 radice
317 3540 492 3605 ἔνθ-ἔνεθ
515 3537 694 3619 profectum
717 3541 767 3604 sit.
814 3538 911 3620 Quod
934 3542 960 3600 si
983 3559 1094 3600 verum
1117 3547 1178 3613 est,
1202 3547 1307 3611 restat,

189 3651 224 3702 ut
247 3640 388 3722 perfecta
410 3636 583 3727 ἀνήνοθεν
602 3650 633 3702 et
648 3637 859 3722 ἔπενήνοθεν
878 3644 993 3703 eadem
1011 3641 1056 3700 uti
1075 3641 1180 3701 radice
1199 3641 1307 3700 existi-

190 3763 313 3805 memus
338 3752 369 3805 et
388 3741 424 3806 ἔν
444 3752 476 3804 et
495 3737 582 3820 ἀν(ο)
599 3764 669 3805 esse
687 3745 948 3824 praepositiones,
971 3762 1035 3802 non
1055 3740 1204 3819 syllabas
1227 3761 1308 3820 quae

189 3848 368 3926 pertineant
399 3847 440 3906 ad
473 3846 766 3926 reduplicationem.
829 3844 940 3924 Atque
972 3852 1096 3905 tantum
1127 3844 1235 3916 abest,
1275 3835 1319 3902 ut'

189 3950 320 4008 notione
342 3946 557 4029 perlectorum
589 3948 744 4009 reiiciatur
770 3947 850 4008 haec
872 3947 994 4026 opini0,
1024 3954 1059 4006 ut
1082 3944 1254 4006 clarissime
1277 3946 1307 4005 in
