2940 4566
626 315 837 381 ,25-

165 488 247 548 quae
282 471 349 532 eius
385 471 426 532 sit
464 471 563 531 notio.
614 470 732 550 Neque
766 473 797 532 in
832 471 892 533 hac
926 491 959 533 re
988 473 1216 552 pertractanda
1247 475 1291 536 ita

164 570 357 633 ordiendum
380 571 473 632 nobis
492 591 563 634 esse
581 571 716 645 videtur,
738 581 774 634 ut
795 574 873 653 quid
896 577 1098 653 grammatici
1114 584 1147 637 et
1161 584 1289 638 veteres

164 665 203 744 (v.
234 672 330 735 Koch
359 673 400 735 de
427 682 602 754 augmento
632 674 719 754 apud
745 674 926 737 Homerum
954 677 1075 738 omisso
1099 676 1172 738 diss.
1201 676 1288 756 Lips

166 773 255 849 1868,
281 795 311 854 p.
338 792 360 852 4
387 775 488 854 seqq.)
517 785 549 837 et
579 777 775 838 recentiores
804 776 845 839 de
873 779 1019 840 universa
1049 779 1081 839 vi
1109 799 1146 840 ac
1175 784 1289 840 natura

163 874 297 956 perfecti
320 876 468 953 iudicent,
492 877 700 959 explicemus,
737 879 773 939 In
794 881 882 940 omni
905 882 989 941 enim
1009 883 1198 961 quaestione
1216 881 1310 958 syn·'

161 979 280 1040 tactica
309 978 351 1040 ab
378 980 525 1041 Homero
556 982 677 1060 quippe
705 983 793 1042 cuius
816 983 957 1043 carmina
984 984 1204 1062 antiquissima
1226 985 1289 1044 sint
1352 974 1356 979 ⁴

162 1089 371 1142 monumenta
404 1100 541 1161 graecae
573 1081 700 1161 linguae
730 1082 921 1145 ordiendum
954 1104 1038 1159 esse,
1077 1104 1173 1146 nemo
1205 1105 1287 1145 nunc

79 1210 82 1215 >
162 1193 272 1263 neget3
304 1193 340 1246 ut
370 1185 395 1245 si
423 1184 475 1247 vel
504 1185 545 1247 de
575 1187 723 1247 universa
752 1187 784 1247 vi
812 1205 851 1247 ac
879 1196 991 1248 natura
1016 1188 1124 1267 graeci
1151 1185 1286 1267 perlecti

163 1286 383 1364 quaerendum
402 1295 460 1361 est,
483 1287 585 1366 qualis
608 1289 650 1348 sit
667 1288 755 1368 apud
773 1287 995 1362 Homerum,
1018 1290 1157 1368 primum
1176 1287 1286 1350 viden·

162 1385 238 1448 dum
261 1390 311 1450 sit.
351 1388 506 1469 Idemque
536 1391 667 1469 egregie
691 1389 773 1451 dixit
793 1389 1033 1469 Bemhardyus:
1056 1409 1190 1470 „graeca
1212 1409 1286 1468 syn·

162 1491 248 1551 taxis
275 1510 340 1551 non
366 1510 464 1552 unum
488 1499 520 1553 et
543 1499 735 1572 perpetuum
764 1511 881 1572 corpus
909 1491 1016 1567 efficit,
1046 1491 1104 1554 sed
1128 1490 1285 1552 discretos

162 1591 193 1651 in
220 1591 349 1654 ordines
375 1613 413 1654 ac
440 1602 555 1673 suapte
583 1602 696 1654 natura
723 1595 983 1674 circumscriptos
1014 1592 1173 1666 dividitur,
1204 1610 1285 1670 quos

162 1693 314 1756 decursus
342 1703 526 1775 temporum
555 1696 637 1757 inter
660 1695 806 1757 diversos
828 1695 966 1775 populos
989 1694 1111 1757 definiit
1135 1703 1167 1756 et
1189 1694 1285 1754 variis

161 1794 287 1857 dicendi
306 1797 477 1876 generibus
496 1796 772 1858 accommodavit:
802 1799 957 1876 sequitur,
981 1806 1023 1858 ut
1045 1798 1168 1857 omnis
1190 1795 1284 1857 haec

162 1896 342 1959 doctrina
365 1901 560 1961 rationem
584 1907 623 1961 et
643 1885 870 1961 methodum
894 1907 1034 1978 poscat
1052 1897 1281 1958 historicam

161 2017 262 2077 eaque
281 2019 354 2060 cum
369 2000 503 2062 historia
520 2001 697 2063 litterarum
717 2000 836 2062 debeat
854 2008 1003 2061 accurate
1022 2000 1178 2078 coniungi.
1208 1997 1283 2058 Non

161 2101 245 2160 enim
265 2100 368 2162 solum
388 2103 584 2182 antiquitatis
604 2102 670 2164 sata
685 2110 959 2179 monumentaque
974 2101 1160 2162 desiderant
1177 2107 1281 2161 artem

161 2199 346 2263 historica-m
369 2204 428 2266 sed
451 2205 606 2284 quidquid
636 2225 679 2266 ex
702 2203 816 2265 iisdem
839 2202 979 2263 fontibus
1001 2204 1032 2263 in
1056 2200 1226 2262 formulam
1250 2209 1283 2262 et

160 2312 306 2382 systema
328 2306 494 2367 redactum
514 2309 682 2369 materiem
705 2305 804 2367 tradit
822 2304 1009 2366 mutabilem
1030 2313 1063 2366 et
1081 2304 1280 2365 diversorum

160 2406 362 2468 saeculorum
385 2414 522 2470 testem“
546 2409 689 2489 (paralip.
712 2417 796 2487 synt.
819 2427 865 2486 gr.
884 2408 906 2482 l,
928 2427 959 2487 p,
982 2432 992 2467 r
1000 2407 1039 2485 3).
1076 2406 1190 2485 Neque
1207 2405 1281 2465 Dis·

160 2509 259 2582 senio,
281 2527 477 2589 quamquam
507 2511 712 2582 considerate
740 2508 865 2571 dehac
892 2530 927 2571 re
951 2511 1026 2588 egit,
1053 2508 1151 2587 plane
1174 2526 1281 2569 assen-

160 2610 304 2672 tiendum
328 2619 385 2686 est,
409 2614 461 2691 qui
480 2614 525 2673 sic
547 2613 678 2673 iudicat:
701 2630 777 2686 „nos
796 2628 992 2690 quamquam
1012 2617 1193 2689 systemate
1211 2607 1280 2688 phi-

160 2709 328 2792 losophico
358 2712 409 2774 hic
441 2712 531 2776 facile
563 2713 757 2787 carebimus,
789 2711 994 2792 philosophia
1027 2720 1136 2772 tamen
1170 2728 1280 2770 carere

160 2833 223 2874 non
245 2815 431 2894 poterimus,
454 2817 573 2896 quippe
596 2814 785 2895 explicaturi
807 2817 913 2894 potius
936 2833 1033 2892 quam
1049 2812 1279 2904 narraturi-res

161 2920 406 2995 grammaticam
435 2919 489 2998 (de
511 2917 713 2998 temporibus
738 2925 770 2978 et
794 2916 899 2977 modis
922 2914 1013 2980 verbi
1040 2914 1146 2994 graeci
1170 2911 1278 2974 Goett.

163 3019 252 3093 1808,
274 3040 303 3100 p.
326 3020 367 3098 4),
389 3040 454 3081 non
476 3021 557 3082 mire
579 3019 708 3098 quidem
729 3018 849 3079 dictum
872 3018 992 3097 quippe
1015 3035 1054 3077 ea
1076 3021 1193 3088 aetate,
1216 3033 1279 3093 qua

136 3146 138 3150 ³
159 3119 350 3183 confirmata
368 3131 465 3202 atque
484 3122 614 3184 exculta
631 3118 837 3201 philosophia
852 3139 871 3180 a
886 3119 1007 3179 Kantio
1025 3126 1149 3179 ceteras
1166 3136 1279 3177 omnes

158 3231 324 3302 superaret
345 3222 467 3285 litteras
491 3243 618 3303 easque,
640 3243 737 3302 quum
761 3220 903 3281 nondum
922 3219 1152 3281 corroboratae
1172 3227 1279 3280 essent

158 3323 371 3386 subtilissimis
393 3327 543 3405 cuiusque
566 3325 690 3406 generis
714 3324 804 3385 sactis
832 3321 1121 3394 observationibus,
1147 3340 1278 3400 prorsus

158 3435 287 3504 regeret
313 3429 595 3507 constitueretque.
645 3425 747 3507 Quid?
775 3424 863 3504 quod
894 3424 945 3486 vel
971 3426 1002 3484 in
1028 3421 1197 3503 praeclaro
1225 3420 1277 3481 illo

157 3527 239 3589 libro
256 3548 276 3590 a
291 3527 483 3591 Godosredo
505 3529 694 3591 Hermanno
713 3529 906 3607 conscript0,
929 3527 982 3605 qui
1000 3523 1181 3586 inscribitur
1199 3521 1278 3597 „ele-

158 3639 268 3692 menta
299 3631 465 3692 doctrinae
495 3633 672 3704 metricae“‚
702 3627 908 3709 philosophia
943 3626 1014 3707 plus
1051 3644 1154 3705 aequo
1191 3623 1278 3686 valet

157 3734 350 3812 saepiusque
380 3733 422 3793 ad
453 3742 595 3794 mentem
627 3731 906 3811 cogitationesque
939 3726 1081 3801 refertur,
1113 3726 1201 3806 quod
1235 3726 1277 3786 ad

157 3852 250 3896 aures
280 3844 350 3898 erat
381 3829 592 3898 referendum.
648 3832 757 3914 Quare
788 3852 853 3893 non
889 3840 956 3892 tam
993 3827 1206 3911 philosophia,
1242 3835 1277 3888 ut

157 3946 268 3999 censet
297 3937 478 4011 DisseniuS,
509 3955 605 4016 quam
635 3936 781 3996 doctrina
812 3932 995 4006 formarum,
1028 3940 1062 3993 ut
1092 3931 1135 3991 ita
1163 3929 1277 4002 dicam,
