2940 4566
631 293 841 352 ..14-

176 447 218 506 ad
242 448 382 509 radicem
404 441 447 511 ἀν
463 477 503 496 =
519 447 647 526 spirare,
669 444 865 508 Doderleinii
889 445 984 523 (hom.
1006 444 1101 526 gloss.
1126 446 1154 507 ΙΙ
1176 467 1206 526 p.
1228 448 1317 526 184)·

176 549 230 626 qui
253 549 391 610 medium
424 548 577 627 quiddam
606 554 695 608 tenet
724 547 805 608 inter
827 548 1010 609 Buttmanni
1041 549 1231 610 sententiam
1263 557 1295 610 et

177 647 290 723 Curtii,
322 670 419 729 quem
450 669 644 729 quamquam
676 650 745 729 ipse
772 649 891 710 caussis
921 669 985 709 non
1018 649 1124 711 firmat
1157 649 1295 729 (Etym.³

177 752 253 830 236)
278 770 336 812 nos
367 753 465 814 secuti
499 771 616 813 sumus.
662 749 782 813 Censet
811 749 1054 813 Doederleinius
1085 753 1116 812 in
1146 751 1294 832 perlectis

177 845 351 936 ἀνήνοθεν
374 862 406 916 et
430 850 595 938 ὲνήνοθεν
610 853 862 933 praepositiones
882 873 952 915 esse
975 847 1037 916 ἄν·
1060 862 1092 914 et
1115 851 1163 927 ἐν;
1186 863 1294 914 tamen

176 953 274 1014 etiam
287 955 536 1035 reduplicatione
554 954 651 1016 attica
669 975 707 1016 ea
725 955 888 1032 quondam
904 955 1055 1016 instructa
1070 953 1178 1029 fuisse;
1197 975 1293 1034 quam

175 1056 331 1118 omissam
355 1078 426 1120 esse
448 1066 579 1138 propter
597 1056 859 1118 molestissimum
878 1076 1066 1117 concursum
1086 1055 1293 1136 persimilium

177 1157 371 1246 syllabarum
394 1155 682 1223 *ἐν-αν-ήνοθα.

175 1413 232 1474 De
262 1397 447 1493 perfectis
479 1414 629 1494 passiu,
662 1433 815 1492 quorum
853 1413 1039 1493 stirpibus
1072 1430 1090 1476 σ
1120 1414 1292 1475 additum

528 1525 585 1577 est
608 1518 704 1595 apud
728 1515 941 1577 Homerum.

261 1667 384 1728 Notum
403 1676 460 1740 est,
477 1669 602 1748 saepius
622 1668 772 1748 stirpibus
788 1667 1001 1749 perfectorum
1019 1670 1134 1748 passiv.
1149 1669 1291 1728 additum

174 1790 248 1831 esse
275 1786 300 1844 σ,
323 1790 456 1848 quarum
479 1792 513 1832 re
535 1790 611 1831 vera
634 1790 697 1830 non
721 1778 769 1830 est
791 1771 963 1850 proprium.
1010 1769 1106 1850 Quod
1129 1768 1291 1850 paullatim

174 1872 338 1952 irrepsisse
360 1872 392 1932 in
415 1871 477 1932 hoc
499 1879 626 1952 tempus
649 1871 738 1933 verbi
761 1892 800 1933 eo
824 1872 934 1946 elucet,
957 1872 1043 1950 quod
1067 1873 1150 1953 apud
1170 1872 1290 1932 Home·

175 1993 252 2041 rum,
264 1994 362 2034 unum
379 1981 502 2034 tantum
520 1982 643 2034 certum
666 1972 846 2033 huiusmodi
866 1981 956 2035 extat
972 1972 1156 2053 exemplum
1174 1973 1291 2050 (aoristi

174 2075 301 2154 saepius
324 2082 508 2136 occurrunt:
536 2072 706 2158 ἐμνήσθην
734 2074 861 2155 (11118)
892 2071 1052 2158 εἰλύσθην
1084 2079 1128 2153 (Ψ
1140 2076 1210 2155 393)
1242 2075 1292 2154 11.)

175 2172 361 2240 τετάνυστο
381 2181 423 2255 (K
434 2180 502 2256 156)
526 2198 623 2257 quum
643 2176 740 2238 multa
755 2178 817 2237 sint
840 2177 990 2256 exempla
1007 2178 1091 2257 apud
1111 2178 1292 2238 recentioris

173 2279 288 2340 aetatis
311 2281 491 2360 scriptores,
514 2299 596 2358 quae
619 2286 782 2361 enumerat
800 2277 970 2338 Ktihnerus
986 2277 1052 2354 (Gr.
1070 2279 1103 2338 1²
1123 2281 1203 2357 591).
1239 2278 1291 2340 Sic

174 2389 265 2442 extat
288 2382 372 2461 apud
392 2379 593 2459 Aeschylum
613 2380 741 2458 (Agam.
762 2380 810 2457 12)
831 2373 1015 2462 ὀμώμοται,
1038 2381 1096 2441 sed
1120 2380 1182 2440 iam
1205 2383 1289 2460 apud

175 2481 362 2561 Euripidem
386 2480 456 2559 (Rh,
482 2482 552 2558 816)
586 2475 787 2563 ὀμώμοσται.
834 2480 926 2562 Quae
958 2480 1098 2561 perlecta
1120 2482 1160 2542 ad
1184 2483 1290 2543 simili-

174 2585 317 2644 tudinem
341 2602 452 2644 eorum
476 2586 557 2660 (sunt
576 2587 660 2644 enim
679 2581 848 2663 permulta)
872 2582 1008 2645 formata
1030 2591 1109 2657 sunt,
1133 2602 1214 2661 quae
1237 2604 1292 2643 cur

174 2683 313 2746 habeant
337 2699 355 2746 σ
377 2684 459 2744 iusta
482 2691 531 2745 est
553 2704 673 2758 caussa,
697 2693 731 2745 ut
753 2685 954 2767 τετέλεσμαι,
978 2684 1146 2769 deturpat,
1176 2686 1289 2749 κέκασ-

172 2809 231 2869 μαι
258 2785 295 2851 al.
326 2806 408 2865 quae
440 2794 513 2846 sunt
544 2788 628 2866 apud
651 2786 843 2861 Homerum;
875 2784 1052 2872 ἐλήλασμαι
1075 2788 1290 2867 (Hippocr.)a

174 2888 331 2967 praesenti
359 2883 487 2968 *ἐλάςω
514 2888 587 2972 (pro
617 2883 752 2968 *ἐλοήοή
776 2889 885 2967 (Hom.
908 2885 1048 2973 ἐλήλατο
1076 2890 1195 2969 21135),
1228 2885 1289 2952 εἵλ-

172 3005 294 3073 κοσμαι
318 2989 492 3070 (Hippocr.)
515 3011 534 3050 a
560 2990 719 3069 praesenti
746 2985 872 3070 ἓλκύζοο
899 2989 995 3068 (Curt.
1019 2989 1197 3052 erlaeuter.²
1224 3007 1290 3066 117,

174 3089 261 3151 verb.
284 3091 297 3150 I
320 3093 382 3168 346
404 3094 503 3171 seqq.)

260 3191 295 3251 In
313 3190 456 3271 perlecto
471 3193 672 3276 βεβυσμένος
682 3181 718 3269 Ι(δ
732 3194 800 3272 134)
820 3201 924 3253 utrum
943 3208 962 3255 σ
979 3194 1019 3253 ad
1038 3193 1139 3273 ipsam
1158 3194 1290 3272 stirpem

172 3292 330 3373 pertineat
351 3314 410 3354 nec
437 3315 484 3367 ne,
498 3297 563 3354 >vix
582 3295 878 3373 diiudicaripotest.
922 3292 1047 3374 Duplici
1066 3295 1149 3356 enim
1168 3294 1289 3354 ratione

174 3403 280 3457 ortum
311 3415 383 3456 esse
413 3403 535 3475 potest:
576 3400 601 3472 1)
634 3398 811 3458 derivatum
842 3415 913 3456 esse
945 3406 1053 3476 potest
1084 3417 1103 3457 a
1131 3397 1291 3476 praesenti

171 3494 279 3579 β1’ζοο,·
303 3500 331 3573 2)
355 3519 374 3558 1
396 3499 501 3559 radice
522 3500 576 3575 riu,
608 3515 627 3561 σ
648 3497 751 3559 littera
777 3500 845 3559 sine
867 3499 949 3559 iusta
972 3519 1083 3561 caussa
1106 3499 1226 3572 addita,
1257 3507 1289 3558 ut

173 3598 205 3659 in
223 3595 432 3663 τετάνυσται.
462 3599 514 3659 Ex
537 3599 650 3678 quibus
667 3600 846 3680 explicandi
865 3601 1038 3662 rationibus
1057 3599 1136 3661 haec
1154 3598 1289 3661 fortasse

173 3699 287 3763 melior
317 3709 380 3775 est3
412 3720 550 3780 namque
581 3710 654 3764 ante
685 3702 861 3764 Aretaeum
894 3704 1068 3776 medicum,
1099 3704 1288 3782 scriptorem

172 3811 356 3885 postremae
390 3802 565 3865 litterarum
594 3807 707 3866 aetatis
738 3824 802 3865 non
839 3805 954 3884 legitur
982 3801 1073 3885 βύςαν
1105 3806 1153 3882 (cf.
1176 3802 1286 3883 Steph.

173 3905 253 3968 thes
269 3925 294 3968 s.
304 3907 342 3983 v.)
389 3904 452 3986 Qui
475 3907 604 3984 quidem
627 3907 740 3967 imitari
763 3905 845 3967 solet
865 3906 1104 3986 Hippocratem,
1127 3907 1185 3967 sed
1201 3904 1288 3983 quod
