2940 4566
610 313 820 378 *51ss

156 467 262 529 habeo
285 468 411 548 aliquid,
434 479 469 531 ut
491 489 549 530 nos
573 488 700 549 quoque
723 471 868 534 dicimus:
890 469 959 544 „ich
980 471 1066 533 habe
1084 481 1183 534 etwas
1205 493 1275 535 ver·

155 569 307 650 borgen“.
344 571 398 631 Ex
419 591 481 651 qua
502 572 635 633 notione
657 572 852 634 condicionis
868 581 1033 652 statusque
1055 572 1147 650 facile
1161 595 1273 638 sensus

60 748 63 754 Ι
155 671 315 752 perfectae
343 675 476 736 actionis
507 693 655 737 emanare
686 675 798 754 potuit,
829 675 971 754 quodid
1003 678 1090 756 quod
1123 676 1273 741 effectum

157 782 261 835 est-
279 776 498 838 condicionem
519 776 591 838 dico
608 811 651 820 -
668 776 710 837 ad
725 795 876 856 praesens
899 785 1026 858 tempus
1042 787 1175 859 spectat.
1206 777 1273 843 Sed

156 876 263 936 sentiri
284 879 391 957 potius
413 897 509 957 quam
533 879 745 939 demonstrari
768 877 911 941 dilucidis
930 880 1036 941 verbis
1055 889 1171 960 potest,
1194 902 1272 961 quo-

157 978 256 1039 modo
279 998 340 1040 una
362 980 451 1041 notio
483 999 526 1041 ex
548 978 647 1041 altera
677 967 840 1059 prodierit.
884 979 1037 1042 Fortasse
1069 984 1153 1044 enim
1183 986 1273 1063 quasi

156 1079 294 1141 mediam
316 1081 424 1161 posuit
438 1079 543 1162 lingua
560 1083 727 1143 notionem
745 1081 812 1143 veri
834 1079 966 1162 perfecti
989 1083 1071 1144 inter
1093 1083 1271 1164 simplicem

94 1229 96 1233 ,
156 1182 318 1244 notionem
337 1182 468 1244 actionis
487 1191 520 1245 et
542 1192 667 1244 auctam
689 1181 777 1245 illam
799 1184 841 1246 ad
867 1184 1088 1246 condicionem
1111 1187 1272 1264 quandam

155 1285 373 1369 pertinentem.
426 1282 460 1346 Si
483 1285 566 1346 enim
588 1280 853 1354 valebatxatidco
879 1308 913 1348 τι
936 1315 977 1336 =
997 1285 1123 1347 occulto
1153 1285 1272 1366 aliquid

156 1388 237 1459 (una
259 1387 352 1464 actio)
376 1395 408 1448 et
425 1382 571 1451 κέκευθά
590 1409 622 1451 τι
640 1386 801 1449 occultum
819 1386 926 1448 habeo
943 1387 1061 1467 aliquid
1080 1390 1236 1466 (condicio
1245 1391 1272 1469 l),

156 1485 253 1561 facile,
281 1489 311 1548 ni
334 1487 432 1566 fallor,
463 1489 684 1551 intermediam
707 1490 872 1550 notionem
894 1487 1016 1569 fingere
1038 1490 1143 1569 potuit
1165 1489 1272 1570 lingua

154 1592 407 1652 =occultavi
463 1590 561 1672 Quod
592 1592 618 1652 si
650 1592 719 1671 quis
750 1589 886 1669 aliquam
918 1611 985 1653 rem
1018 1591 1271 1667 occultaverit,

154 1712 239 1753 nova
268 1694 426 1773 quaedam
455 1695 599 1755 condicio
631 1692 772 1755 efficitur.
816 1693 870 1754 Ex
902 1713 965 1773 quo
996 1704 1141 1776 apparet,
1164 1696 1272 1757 condi·

156 1797 281 1856 cionem
311 1816 329 1856 a
365 1794 504 1876 perfecta
536 1797 661 1857 actione
692 1793 833 1856 Graecos
864 1795 952 1856 initio
984 1816 1048 1856 non
1085 1798 1272 1873 seiunxisse;

155 1899 242 1977 quod
273 1908 380 1960 autem
408 1896 569 1978 paullatim
600 1896 676 1958 nihil
708 1896 793 1959 aliud
820 1897 878 1957 nisi
907 1894 1083 1977 perfectam
1112 1900 1272 1962 actionem

154 1997 297 2080 perfecto
321 2003 511 2081 exprimunt,
542 2020 581 2062 eo
604 1998 723 2061 facturn
752 2019 823 2061 esse
845 1999 977 2074 videtur,
1010 2002 1098 2080 quod
1130 2002 1271 2063 medium

155 2103 306 2181 quiddam
324 2104 407 2164 inter
423 2122 573 2182 praesens
596 2103 637 2162 ad
659 2101 840 2162 inchoatam
859 2102 1018 2163 actionem
1041 2083 1081 2163 et¹
1094 2102 1272 2182 perfectum

154 2204 196 2265 ad
218 2205 438 2267 condicionem
460 2203 511 2265 illa
530 2205 654 2265 actione
678 2202 824 2264 effectam
846 2204 1007 2283 pertinens
1026 2223 1146 2284 ponere
1164 2207 1272 2267 stude·

117 2289 120 2293 Δ
153 2307 238 2370 bant.
280 2306 377 2388 Quod
405 2327 501 2387 quum
520 2306 677 2385 antiquius
697 2325 768 2367 esse
785 2308 889 2386 primo
908 2306 1022 2367 obtutu
1042 2304 1107 2367 fere
1125 2307 1271 2368 videatur

153 2428 249 2488 quam
272 2411 360 2470 notio
383 2409 585 2482 condicionis,
609 2409 722 2469 doctos
745 2409 838 2481 viros
861 2427 941 2486 quos
960 2427 1055 2488 supra
1074 2411 1270 2471 enumeravi·

153 2531 223 2571 mus
247 2516 286 2591 (p.
306 2512 367 2591 27),
390 2512 433 2572 ita
455 2509 592 2584 fallebat,
616 2518 651 2571 ut
673 2512 837 2571 notionem
859 2510 1054 2571 condicionis
1076 2530 1205 2593 semper
1228 2531 1271 2572 ex

152 2615 282 2674 notione
304 2612 463 2693 perlectae
485 2614 620 2676 actionis
638 2611 816 2692 profectam
833 2631 904 2673 esse
926 2620 1109 2674 statuerent.
1147 2614 1269 2676 Verum

152 2718 197 2776 sic
219 2717 326 2796 potius
345 2717 592 2777 existimandum
612 2734 683 2776 esse
701 2716 834 2788 videtur,
857 2715 923 2775 veri
940 2714 1072 2794 perfecti
1094 2717 1269 2790 notionem,

152 2819 184 2878 id
203 2828 252 2880 est
269 2820 311 2880 ad
328 2816 502 2898 perlectam
521 2819 680 2879 actionem
699 2818 879 2897 spectantis,
890 2816 1038 2877 effectam
1053 2835 1123 2877 esse
1139 2817 1269 2892 ratione,

152 2940 233 2999 quae
254 2921 473 2982 intercedebat
495 2920 576 2981 inter
597 2939 747 3000 praesens
771 2927 882 2998 utpote
903 2919 1063 2980 actionem
1086 2918 1269 2979 inchoatam

152 3021 333 3102 significans
357 3031 388 3083 et
410 3020 586 3104 perlectum
610 3021 727 3101 quippe
750 3022 838 3100 quod
864 3021 906 3082 ad
928 3021 1150 3081 condicionem
1172 3039 1269 3099 quan-

152 3126 227 3186 dam
250 3127 387 3205 primum
410 3127 589 3206 pertineret.
634 3122 783 3202 Namque
805 3123 912 3202 lingua
929 3141 1030 3183 novas
1052 3124 1182 3200 formaS,
1203 3125 1269 3202 qui-

152 3226 211 3287 bus
233 3246 337 3288 novae
359 3229 577 3306 exprimantur
598 3227 757 3303 notiones,
784 3226 943 3286 rarissime
965 3224 1140 3305 progignit3
1166 3244 1269 3304 neque

56 3367 58 3372 ·
151 3328 259 3408 lingua
269 3330 376 3391 statim
386 3329 427 3390 ab
442 3329 530 3390 initio
550 3327 684 3390 exculta'
697 3327 753 3389 fuit
771 3336 865 3407 atque
883 3328 924 3388 ad
943 3345 1054 3388 omnes
1072 3346 1122 3388 res
1141 3328 1268 3402 idonea;

151 3432 250 3492 immo
282 3433 380 3493 menti
411 3433 500 3509 quasi
531 3430 714 3492 luctandum
746 3437 813 3491 erat
845 3449 917 3491 cum
945 3430 1084 3501 materia,
1115 3448 1211 3506 quam
1234 3438 1268 3490 ut

151 3535 291 3595 vinceret
312 3543 408 3614 atque
430 3534 461 3594 in
483 3541 674 3614 potestatem
693 3552 783 3594 suam
806 3532 965 3611 redigeret
988 3532 1018 3590 in
1042 3531 1190 3590 omnibus
1213 3529 1268 3592 lin·

151 3636 221 3716 guis
244 3656 308 3696 non
330 3656 441 3715 parem
472 3637 503 3695 in
527 3635 660 3696 modum
693 3635 826 3714 contigit
857 3633 987 3712 (Floeck
1017 3633 1058 3693 de
1084 3640 1266 3713 temporum

151 3740 273 3800 ratione
304 3738 394 3799 verbi
424 3737 530 3818 graeci
562 3745 594 3798 et
632 3736 718 3798 latini
748 3735 849 3798 Confi.
892 3739 979 3813 1852.
1012 3746 1046 3810 40
1078 3754 1107 3814 p.
1139 3736 1178 3814 7),
1209 3737 1266 3796 sed

151 3837 261 3900 formis
277 3859 358 3920 quae
375 3840 445 3901 iam
464 3848 580 3914 extant,
604 3859 707 3900 novae
725 3838 871 3899 notiones
891 3838 1102 3910 subiiciuntur,
1121 3846 1266 3917 respecta

152 3943 291 4004 maxime
314 3942 450 4019 ratione,
478 3962 560 4022 quae
591 3941 671 4003 inter
693 3940 832 4021 singulas
855 3938 974 4002 formas
996 3938 1170 4001 intercedit.
1214 3937 1267 4002 Sic

762 4047 769 4064 ο
1022 4039 1063 4101 4³1:
