2940 4566
641 330 853 376 -ῃ-

186 481 416 564 amplificatam
439 481 597 558 vocalem,
619 486 680 558 eui,
702 483 788 545 nulla
811 482 917 546 littera
939 486 1140 566 interposita,
1167 485 1307 547 addatur

184 585 370 647 terminatio
388 586 434 664 (ut
450 583 467 622 '¹‘
482 584 627 669 με’-μη·α,
649 585 807 669 *βέ-βη-ιι
823 585 979 671 *ys-yper
996 587 1047 668 al.)
1065 586 1171 649 locum
1185 586 1306 650 habere

184 673 263 748 non'
279 706 385 766 posse.
430 685 523 766 Quae
554 686 751 768 amplificata
777 686 900 750 vocalis
929 688 1085 764 firmetur,
1116 691 1305 770 interposita

183 808 337 862 consona,
369 809 502 851 necesse
530 798 587 854 est.
632 788 730 870 Quod
758 789 794 851 fit
823 793 973 853 consonis
996 813 1015 854 ν
1038 800 1071 854 et
1092 816 1113 856 κ
1135 791 1304 875 (Ji-yona,

182 892 344 974 βέβηῆι-α,
366 891 541 974 pri-pom).
588 890 697 973 Quare
728 895 837 954 neseio
867 908 908 953 an
939 913 958 953 a
989 884 1140 974 singulari
1170 914 1304 956 numero

108 999 113 1008 ’
183 995 307 1055 exitum
338 990 467 1055 duxerit
497 994 528 1054 in
559 993 704 1073 perfecto
734 993 816 1056 haec
853 993 960 1057 littera
990 1019 1022 1069 κ,
1053 1014 1149 1075 quam
1173 997 1304 1058 minime

182 1096 326 1175 gentium
350 1094 448 1155 solius
474 1094 608 1175 perlecti
634 1097 799 1176 propriam
828 1116 900 1158 esse
925 1098 989 1158 iam
1018 1099 1164 1158 vidimus.
1210 1097 1303 1179 Quae

182 1203 215 1256 et
246 1197 277 1256 in
308 1194 692 1276 plusquamperfecto
723 1199 810 1277 apud
840 1197 1019 1259 Homerum
1050 1219 1115 1260 non
1146 1201 1303 1261 invenitur

182 1298 240 1358 nisi
263 1298 293 1357 in
316 1299 410 1359 tertia
433 1317 571 1377 persona
594 1298 814 1377 singulari53
838 1308 1004 1378 quatuor
1025 1307 1099 1361 sunt
1121 1299 1302 1362 huiusmodi

181 1397 305 1460 lormae
326 1399 412 1479 apud
435 1400 631 1461 Homerum:

307 1498 480 1582 βσβήψει

254 1689 256 1694 ,
307 1599 503 1688 βε-βλή-κ·ει

308 1700 482 1788 ἓ-στήὲκ-ει

305 1802 490 1886 πε-φύ-κ-ει

264 1908 342 1970 inde
373 1906 396 1972 ιι
422 1917 456 1971 et
486 1909 517 1969 in
540 1907 669 1969 dualem
698 1917 731 1970 et
760 1902 917 1990 pluralem
941 1927 1109 1970 numerum
1131 1907 1299 1988 paullatim

179 2010 346 2090 irrepsisse
372 2006 543 2072 verisimile
571 2018 628 2073 est.
691 2008 758 2073 Sed
786 2011 873 2090 apud
903 2010 1082 2072 Homerum
1110 2009 1212 2071 dualis
1239 2010 1300 2071 hae

178 2109 285 2173 littera
303 2120 400 2186 caret,
421 2114 453 2173 in
471 2111 585 2192 plurali
603 2128 736 2174 numero
755 2110 826 2173 sola
848 2113 967 2174 tertia
988 2129 1128 2192 persona
1146 2112 1184 2172 ea
1202 2113 1301 2184 utitur

178 2213 310 2296 (-καμεν
337 2222 391 2276 aut
414 2236 521 2296 -αμεν,
552 2234 647 2277 -κατε
680 2221 736 2274 aut
766 2232 839 2278 -urs
871 2215 889 2278 i.
913 2233 939 2278 e.
970 2211 1092 2274 vocalis
1124 2211 1299 2274 thematica

178 2335 366 2394 nunquam
383 2317 541 2378 invenitur
558 2316 644 2396 apud
660 2316 853 2395 Homerum)
872 2331 955 2396 quae
973 2336 992 2377 a
1010 2324 1173 2394 quatuor
1190 2314 1297 2376 verbis
1344 2304 1346 2308 ⁴

178 2416 322 2478 derivata
351 2426 415 2491 est,
449 2419 494 2478 ita
522 2425 632 2479 tamen
662 2425 698 2479 ut
729 2413 831 2479 multo
862 2419 991 2498 saepius
1014 2415 1132 2494 forma,
1156 2436 1246 2495 *quae
1276 2438 1297 2478 x

177 2516 283 2580 littera
305 2539 370 2579 non
392 2520 455 2580 iam
478 2521 635 2581 instructa
658 2527 718 2593 est,
742 2521 927 2583 inveniatur.
971 2518 1025 2580 Ex
1048 2519 1162 2598 quibus
1184 2536 1295 2579 unum

176 2617 355 2699 perlectum
374 2617 667 2706 τε-θαρσή-κ-ασιν
689 2641 709 2682 a
731 2622 832 2683 verbo
850 2630 1023 2683 contracto
1037 2622 1215 2683 derivatum
1235 2628 1293 2681 est.

176 2721 287 2783 Verba
314 2731 421 2785 autem
448 2733 614 2785 contracta
637 2724 773 2786 Homeri
799 2732 908 2786 aetate
930 2748 951 2787 κ
973 2723 1081 2785 littera
1110 2725 1173 2783 iam
1196 2719 1295 2801 vulgo

166 2815 329 2885 'instructa
356 2845 427 2886 esse
454 2845 534 2885 mox
560 2824 749 2887 videbimus
794 2824 924 2888 Praeter
950 2824 1012 2885 hoc
1037 2824 1215 2904 perfectum
1240 2844 1293 2886 ex-

174 2931 245 2985 tant
266 2924 362 2987 haec:

260 3024 490 3111 ἑ-στή-κ-ασιν,
514 3030 601 3108 quod
624 3028 743 3090 semel
767 3030 803 3108 (A
814 3031 889 3108 434)
911 3029 1042 3108 legitur3
1072 3086 1073 3089 ,

532 3138 645 3191 contra
667 3127 801 3194 ἑστᾶσιν
824 3131 1021 3209 quinquies

259 3226 515 3315 τε-θνή-κ-ασιν,
533 3234 620 3310 quod
644 3231 771 3294 semel
794 3232 916 3311 (0664)
939 3229 1065 3310 legitur,

528 3342 640 3395 contra
657 3336 820 3397 τεθνᾶσιν
844 3341 978 3412 quater
1257 3413 1259 3416 Α

257 3430 501 3514 ιιε-φύ-κ-ασιν,
529 3436 616 3514 quod
639 3434 759 3497 semel
780 3435 894 3518 (72114)
917 3435 1034 3514 legitur
1063 3451 1166 3513 neque
1194 3431 1290 3512 plane

529 3545 652 3599 certum
675 3546 725 3600 est
748 3535 795 3615 (cf.
818 3536 946 3600 Beklrer
967 3536 1054 3597 hom.
1079 3533 1122 3598 bl.
1146 3533 1174 3595 II
1196 3555 1226 3614 p.
1251 3537 1290 3612 38

527 3646 641 3699 contra
662 3635 831 3719 πεφύασιν
854 3647 990 3718 quater
1011 3646 1105 3700 extat
1209 3627 1211 3631 ¹

172 3739 204 3800 A
220 3739 385 3823 βέ-βη-κ·α
400 3741 502 3819 (1437)
518 3760 680 3820 nunquam
695 3737 918 3826 βε-βή-κ-ασιν
937 3741 1116 3802 derivatum
1136 3747 1185 3801 est
1203 3738 1290 3817 apud

171 3839 368 3915 Homerum,
400 3843 458 3903 sed
480 3837 674 3921 βε-βά-ασιν.
720 3841 827 3923 Quum
850 3843 947 3922 igitur
976 3843 1009 3903 in
1035 3842 1129 3903 tertia
1150 3858 1290 3920 persona
1382 3918 1389 3929 Ι

171 3942 301 4022 pluralis
323 3967 344 4007 κ
366 3945 397 4004 in
419 3962 483 4003 uno
505 3943 617 4018 verbo,
645 3943 698 4005 ubi
725 3943 816 4006 facile
838 3945 915 4024 poni
937 3951 1060 4024 potest,
1087 3941 1182 4023 plane
1205 3944 1289 4004 desit
