2940 4566
631 293 842 368 ..48-

260 459 361 524 Simili
384 463 515 523 notione
536 457 688 540 praesens
711 460 899 521 instructum
921 466 971 520 est
989 479 1017 519 v.
1035 480 1056 521 κ
1076 461 1136 538 189

299 563 438 628 κέκλυτέ
458 584 521 646 μεν
536 558 660 645 μύθων
683 556 770 625 κακά
792 583 855 643 τιερ
877 556 1062 641 πάσχοντες
1085 556 1223 644 ἑταῖροι.

300 660 507 747 τεθηλώς

300 791 323 850 μ
350 784 408 845 103
433 768 484 849 τῷ
507 759 539 830 δ’
557 764 593 830 έν
615 763 743 850 ἐρινεὸς
765 762 836 828 έστι
852 764 952 848 μέγας
967 759 1121 844 φύλλοισι
1140 761 1297 848 τεθηλο’ς

300 874 317 949 ζ
340 885 399 948 293
423 865 510 932 ένθα
530 867 565 931 δὲ
583 864 712 948 πατρὸς
726 867 808 950 ἐμοῦ
826 867 963 950 τέμενος
980 869 1143 931 τεθαλυῖα
1160 860 1188 929 τ’
1201 860 1296 950 ἀλωή
1319 899 1323 907 ·

417 963 548 1033 3111111λ
574 984 631 1049 192
656 992 676 1033 ν
699 981 757 1046 245
784 976 843 1031 etc.

299 1091 315 1133 ε
337 1072 378 1148 69
401 1067 514 1154 ἡμερὶς
535 1065 680 1154 ἡβώωσα
702 1064 839 1152 τεθήλει
862 1068 898 1132 δὲ
921 1071 1104 1149 σταφυλῇσι

171 1170 257 1232 aliud
279 1179 406 1251 tempus
429 1170 520 1233 huius
544 1169 632 1232 verbi
656 1170 742 1250 apud
761 1170 942 1232 Homerum
964 1189 1028 1232 non
1051 1177 1149 1232 extat.

300 1272 520 1355 τέτλαμεν

300 1397 321 1436 υ
344 1389 401 1450 311
429 1367 499 1437 ἀλλ’
521 1370 625 1457 έμιιης
642 1369 724 1437 τάδε
739 1373 799 1456 μὲν
821 1372 877 1436 καὶ
899 1371 1061 1455 τέτλαμεν
1076 1366 1297 1454 εἰσορόωντες

299 1479 319 1538 Ι
342 1490 401 1553 373
425 1511 467 1519 —
490 1469 567 1551 οὐδ’
594 1469 637 1538 όίν
659 1474 769 1557 έμοίγε

438 1575 572 1658 τετλαίη
595 1570 715 1649 κύνεός
736 1596 799 1657 τιερ
822 1571 889 1639 έων
912 1572 958 1648 εἰς
980 1563 1057 1637 ὦτα
1079 1572 1212 1638 ἰδέσθαι

299 1677 330 1740 Α
356 1676 416 1753 586
438 1664 579 1740 τέτλαθι
600 1680 703 1760 μήτερ
726 1673 786 1760 έμή
808 1676 862 1739 καὶ
886 1669 1028 1756 ἀνάσχεο
1042 1675 1208 1758 κηδομένη
1230 1698 1294 1759 περ

300 1774 320 1838 δ
342 1791 404 1857 447
429 1812 468 1822 -
490 1777 634 1861 μένομεν
656 1773 812 1860 τετληότι
834 1780 936 1859 θυμῷ

301 1881 332 1942 Ε
353 1881 412 1958 873
438 1877 501 1943 αίεί
523 1902 577 1943 τοι
600 1876 729 1963 ῥίγιστα
752 1878 830 1943 θεοὶ
852 1873 1030 1961 τετληότες
1052 1876 1140 1961 εἰμέν
1163 1886 1222 1942 etc.

258 1978 438 2041 Perfectum
456 1983 604 2060 graviore
622 1988 654 2042 et
672 1978 738 2042 fere
756 1981 952 2042 intransitiva
962 1979 1092 2041 notione
1106 1981 1296 2041 instructum

174 2101 246 2143 esse
277 2083 412 2162 exponit
444 2080 571 2144 Curtius
602 2089 699 2162 temp.
727 2103 756 2143 u.
786 2083 872 2143 mod.
898 2101 929 2162 p.
956 2081 1023 2159 176.
1076 2080 1185 2162 Quare
1216 2082 1297 2143 inter

173 2185 291 2266 τλήναι
301 2191 333 2244 et
347 2178 504 2246 τετλάναι
524 2184 638 2245 eadem
656 2184 738 2244 ratio
757 2182 924 2262 interpedit
942 2190 1039 2262 atque
1053 2182 1135 2244 inter
1150 2189 1296 2243 nostrum

173 2284 329 2359 ,‚dulden“
348 2293 380 2346 et
398 2283 606 2362 „gedulden“.
643 2283 739 2365 Quod
759 2292 791 2345 et
810 2304 852 2344 ex
871 2302 910 2344 eo
934 2283 1045 2357 elucet,
1068 2283 1155 2362 quod
1174 2281 1294 2357 formis,

174 2404 256 2464 quae
277 2405 342 2446 non
365 2385 535 2447 instructae
561 2393 634 2447 sunt
660 2384 919 2472 reduplicatione,
948 2383 1129 2461 infinitivuS,
1150 2382 1296 2465 perfecto

174 2485 375 2566 participium
405 2487 532 2548 additur
554 2485 591 2549 cs.
617 2509 637 2549 v
660 2502 716 2565 311
739 2480 819 2550 ἀλλ’
845 2483 948 2569 έμκης
970 2481 1052 2550 τάδε
1074 2485 1134 2568 μὲν
1156 2485 1212 2548 καὶ
1235 2485 1295 2549 τέ-

175 2590 332 2670 τλαμεν
349 2583 658 2670 εἰσορόωντες,
677 2590 779 2668 Γ306
795 2581 893 2653 ούκω
910 2581 1089 2672 τλήσομ’
1110 2586 1148 2654 έν
1166 2580 1295 2666 ὀφθαλ-

174 2701 286 2772 μοῖσιν
309 2684 510 2771 δρᾶσθαι.
853 2750 856 2756 .

259 2791 320 2852 Est
343 2799 450 2853 autem
473 2790 526 2851 ubi
550 2789 625 2852 nihil
651 2790 773 2851 intersit
801 2791 881 2852 inter
907 2788 1038 2870 perfecti
1067 2799 1099 2852 et
1120 2790 1295 2871 praesentis

174 2892 347 2967 notionem,
371 2892 408 2953 cf.

301 2999 323 3058 I
343 3009 403 3074 373
428 3030 467 3040 -
492 2988 566 3058 οὐδ’
592 2988 634 3058 όν
656 2990 765 3076 έμοίγε

302 3098 486 3180 τετλαίη
509 3091 630 3171 κύνεός
650 3119 714 3180 ιιερ
736 3093 803 3160 έοόν
827 3093 873 3169 είς
895 3084 972 3158 οόιια
995 3094 1127 3159 ἰδέσθαι

304 3200 335 3261 Ω
361 3199 417 3275 565
443 3192 484 3261 ού
507 3195 571 3281 γάρ
599 3220 658 3261 κεν
687 3197 817 3280 τλαίη
847 3194 971 3279 βροτὸς
991 3196 1140 3279 ἐλθέμεν.

442 3299 585 3382 τέτληκα
602 3302 634 3365 Α
651 3302 712 3361 228
731 3301 798 3360 veri
814 3298 946 3379 perfecti
964 3300 1130 3360 notionem
1152 3297 1296 3377 praebet.

302 3397 518 3484 τετύχηκε

301 3527 322 3566 κ
345 3502 385 3565 88
408 3495 460 3581 (δν
485 3501 561 3586 πέρι
590 3502 705 3585 πέτρη)
737 3495 894 3585 ἠλίβατος
924 3496 1086 3583 τετύχηκε
1117 3498 1296 3583 διαμπερὲς

1046 3595 1295 3694 ἀμφοτέρωθεν

301 3709 332 3768 Ρ
351 3706 412 3784 748
437 3700 553 3788 (τερον)
577 3700 688 3790 ὑλήεις
710 3704 842 3769 πεδίοιο
866 3699 1064 3787 διαπρύσιον
1087 3697 1276 3786 τετοχηκοός

174 3814 319 3882 (natura
353 3826 432 3880 esse,
465 3815 687 3888 comparatum
719 3825 802 3879 esse3
834 3814 945 3866 contra
976 3802 1177 3887 τετυγμένος
1207 3809 1294 3865 arte

174 3908 366 3985 fabricatus).
