2940 4566
657 301 869 354 *26-

202 470 331 540 praeter
348 460 515 523 historiam
535 463 722 536 litterarum,
745 482 840 541 quam
860 464 1070 555 commendat
1088 463 1317 543 Bernhardyus

202 583 328 636 „carere
351 584 415 624 non
437 564 613 644 poterimus
634 566 753 644 quippe
773 565 963 644 explicaturi
979 566 1086 645 potius
1102 584 1199 645 quam
1218 585 1328 628 narra·

201 667 263 725 turi
294 685 345 727 res
376 667 634 745 grammaticas“.
683 664 857 728 Notionem
889 668 972 728 enim
1000 688 1072 728 cum
1101 667 1204 729 sorma
1233 688 1326 748 prae-

202 768 312 828 sertim
340 767 571 847 antiquioribus
599 765 726 846 linguae
753 768 913 830 aetatibus
940 769 1118 831 arctissime
1149 769 1325 833 cohaerere

203 888 304 947 eaque
321 868 469 931 effectam
487 889 566 940 esse,
582 889 679 930 nemo
698 867 764 931 fere
782 869 923 947 negabit.
948 869 1040 932 Licet
1058 870 1188 949 quidem
1207 871 1327 952 paulla-

203 972 261 1032 tim
285 962 356 1030 non'
375 991 436 1050 pro
458 971 590 1050 origine,
618 991 700 1050 quae
728 990 808 1031 mox
835 970 1065 1050 negligebatur,
1095 983 1325 1054 usurparentur

204 1070 328 1133 formae
346 1073 515 1134 verborum
535 1073 594 1135 sed
616 1093 676 1152 pro
695 1074 819 1134 ratione
837 1072 986 1151 quadam,
1005 1094 1088 1153 quae
1106 1084 1200 1136 aucta
1220 1078 1325 1155 magis
1343 1114 1349 1135 ι

205 1175 371 1252 magisque
396 1174 596 1236 multitudine
619 1172 794 1236 formarum
821 1173 987 1254 paullatim
1015 1177 1097 1238 inter
1119 1177 1205 1256 ipsas
1227 1178 1325 1239 inter-

204 1275 349 1350 cedebat,
379 1285 414 1337 ut
442 1277 579 1356 denique
611 1278 699 1338 notio
731 1297 795 1337 non
825 1276 919 1356 plane
945 1278 1157 1357 responderet
1188 1277 1324 1341 formae:

203 1385 313 1439 tamen
342 1376 394 1437 illa
420 1377 546 1458 linguae
569 1387 686 1453 aetate,
716 1398 779 1457 qua
801 1387 872 1439 orta
895 1388 967 1440 sunt
990 1379 1130 1441 carmina
1151 1379 1325 1457 homerica,

205 1476 327 1539 forma
353 1498 482 1558 quoque
505 1480 678 1542 verborum
702 1481 733 1539 in
755 1481 989 1560 pertractandis
1017 1481 1112 1543 rebus
1135 1482 1324 1560 syntacticis

203 1581 280 1640 satis
304 1580 499 1642 adiuvamur.

291 1682 342 1742 llc
373 1684 511 1761 primum
542 1684 673 1762 quidem
705 1685 731 1744 si
758 1682 895 1745 formam
927 1693 1120 1764 spectamus,
1151 1684 1226 1746 nihil
1256 1684 1324 1749 lere

203 1784 358 1845 interesse
379 1784 461 1846 inter
483 1805 635 1864 praesens
659 1794 692 1847 et
721 1783 899 1865 perfectum
927 1796 1071 1866 apparet.
1116 1785 1210 1848 Nulla
1238 1789 1324 1850 enim

203 1905 255 1946 res
282 1894 339 1959 est,
368 1905 464 1964 quam
492 1889 656 1967 propriam
685 1906 757 1949 esse
784 1886 919 1966 perlecti
946 1897 1034 1950 certe
1065 1889 1194 1951 dixeris
1248 1887 1325 1951 Cer·

204 1987 307 2048 nimus
339 1987 468 2065 quidem
501 1989 531 2047 in
561 1987 705 2068 perfecto
738 1988 876 2069 primum
918 1988 1213 2069 reduplicationem,
1252 2000 1323 2053 tum

204 2087 486 2168 amplificationem
520 2090 638 2151 vocalis
670 2090 796 2164 radicis,
832 2090 969 2170 denique
998 2093 1145 2171 proprias
1176 2092 1325 2154 termina-

204 2193 317 2252 tiones
364 2190 432 2254 Sed
459 2192 670 2272 reduplicatio
700 2194 730 2252 in
756 2190 823 2252 aliis
853 2211 982 2271 quoque
1007 2194 1207 2273 temporibus
1233 2214 1325 2274 prae-

204 2294 315 2354 sertim
338 2294 368 2353 in
391 2295 552 2373 praesenti
576 2303 609 2356 et
627 2295 748 2355 aoristo
767 2294 936 2367 invenitur;
954 2303 1022 2355 tum
1042 2293 1325 2374 amplificationem

204 2395 326 2455 vocalis
360 2394 492 2474 perfecti
524 2395 620 2476 plane
651 2395 787 2457 eandem
819 2415 890 2457 esse
921 2404 1018 2475 atque
1048 2399 1227 2476 praesentis
1254 2397 1325 2460 luce

205 2495 317 2557 clarius
337 2496 571 2560 demonstravit
586 2499 765 2560 Fridericus
781 2497 952 2587 Muellerus
968 2499 1032 2578 (die
1047 2499 1326 2580 vocalsteigerung

207 2598 235 2658 d.
259 2599 436 2678 indogerm.
459 2600 626 2680 sprachen,
649 2600 858 2680 sitzungsber.
883 2602 912 2661 d.
931 2603 1022 2663 wien.
1045 2600 1139 2662 akad.
1158 2601 1233 2681 phil.
1252 2601 1325 2665 hist.

205 2701 243 2761 cl.
275 2704 363 2778 1871,
390 2723 420 2782 p.
452 2719 510 2780 213
542 2705 657 2783 seqq.)3
685 2705 925 2765 terminationes
957 2704 1093 2782 denique
1120 2703 1252 2783 perlecti
1281 2704 1324 2767 ab

206 2804 320 2865 eadem
351 2806 473 2883 origine
504 2804 667 2885 prolectas
699 2825 769 2866 esse
800 2814 897 2884 atque
919 2806 1097 2884 praesentis
1120 2806 1185 2867 veri
1209 2806 1326 2868 similli-

206 2900 294 2966 mur'n
327 2915 376 2967 est
402 2905 500 2986 (Curt.
532 2907 676 2969 erlaeut.²
705 2927 736 2986 p.
760 2922 830 2986 107,
862 2905 961 2968 Verb.
981 2907 1008 2980 I,
1040 2919 1076 2984 35
1102 2927 1191 2986 seqq.
1215 2906 1326 2970 West-

206 3008 281 3087 phal
306 3009 450 3071 Method.
480 3029 581 3088 gram.
612 3010 641 3069 d.
669 3029 715 3088 gr.
734 3008 888 3089 spracbl
908 3025 936 3082 2,
962 3029 993 3088 p.
1010 3009 1092 3087 272).
1140 3008 1214 3090 Qua
1231 3010 1326 3089 igitur

207 3130 241 3170 re
269 3111 356 3171 initio
386 3110 564 3190 perfectum
588 3130 606 3171 a
628 3113 790 3191 praesenti
817 3111 978 3171 diversum
1006 3108 1110 3184 fuisse,
1136 3119 1169 3172 et
1195 3112 1253 3172 nisi
1280 3111 1327 3173 di-

206 3231 319 3272 versae
339 3210 461 3273 formae
480 3222 578 3287 erant,
597 3233 659 3291 qua
677 3215 801 3273 ratione
817 3214 980 3273 notionem
999 3211 1123 3272 illorum
1139 3221 1324 3292 temporum

208 3312 380 3387 discretam
405 3333 485 3388 esse,
513 3316 763 3376 existimaveris?
812 3314 878 3374 lam
905 3313 1182 3394 proficiscentibus
1216 3333 1280 3374 non
1307 3335 1326 3375 a

206 3415 411 3496 philosophia
438 3416 496 3477 sed
527 3435 545 3475 a
577 3416 712 3496 simplici
743 3417 888 3477 doctrina
920 3415 1093 3477 formarum
1123 3424 1222 3495 patet,
1254 3436 1326 3495 per·

208 3515 323 3578 lectum
342 3537 471 3597 quoque
484 3519 648 3597 quondam
667 3518 709 3578 ad
727 3538 880 3598 praesens
895 3526 1060 3598 spectasse
1076 3525 1204 3596 tempus
1223 3537 1326 3596 neque

207 3620 248 3681 ab
276 3621 346 3699 ipso
373 3622 534 3699 praesenti
558 3619 654 3681 suisse
677 3621 847 3683 diversum.
892 3621 944 3682 Ac
967 3618 1068 3680 multa
1086 3628 1159 3680 sunt
1181 3618 1325 3699 perlecta

207 3723 293 3803 apud
321 3721 500 3784 Homerum
527 3724 630 3802 prima
657 3721 717 3783 hac
745 3723 875 3783 notione
902 3721 1080 3801 praesentis
1103 3723 1264 3794 instructa,
1291 3730 1325 3782 ut

209 3844 406 3904 magnopere
443 3834 557 3896 errent,
596 3825 648 3904 qui
680 3844 722 3886 ex
757 3821 932 3903 perfecta
967 3823 1119 3884 actione
1152 3824 1324 3883 instantem

207 3928 428 3989 condicionem
457 3925 615 4006 prodiisse
643 3945 744 4005 eaque
770 3924 811 3986 de
838 3945 871 3985 re
897 3933 966 3985 tum
994 3925 1123 3986 demum
1146 3922 1324 4004 perfectum
