2940 4566
625 291 837 350 ..62-

173 469 264 540 ptum
295 468 387 522 extat
418 455 563 524 εἰωθότε
597 459 672 540 (scil.
702 456 815 537 ἳπποο).
867 455 934 520 Sed
964 478 1075 520 sensus
1104 458 1211 520 totius‘
1230 456 1291 519 loci

172 556 314 626 εἰωθότι
332 562 441 640 utique
455 560 597 641 postulat
620 560 669 640 (cs.
685 558 782 622 schol.
799 554 939 624 είοοθότι
958 550 1068 634 οότιος
1082 554 1292 641 Ἀρίσταρχος

172 663 228 727 καὶ
251 661 372 746 σχεδόν
394 653 559 743 ἅπαντες).
603 663 716 742 Neque
739 663 784 723 sic
806 662 1006 742 interpretari
1027 660 1112 724 licet:
1140 662 1290 741 ‚‚(auriga)

173 766 226 844 qui
249 772 420 826 consuetus
443 773 492 826 est
514 764 643 828 flectere
666 768 797 845 equos“;
829 783 903 824 narn
934 783 998 824 non
1025 763 1128 825 solum
1150 761 1291 840 Aeneas,

81 882 84 889 ·
172 866 231 928 sed
255 868 351 928 etiarn
374 866 537 929 Pandarus
567 867 686 947 peritus
718 873 768 927 est
798 863 1030 927 flectendorum
1062 884 1216 944 equorum
1241 862 1290 944 (f.

173 972 204 1033 Ε
229 970 312 1048 Ι93),·
335 970 393 1031 sed
416 970 689 1051 interpretandum
712 976 774 1030 est:
796 968 915 1047 auriga,
938 968 990 1046 qui
1009 969 1098 1047 equis
1118 975 1212 1028 notus
1232 975 1290 1028 est.

176 1068 284 1150 Quare
301 1070 364 1131 hoc
382 1069 454 1131 loeo
472 1070 652 1152 perfectum
670 1090 729 1132 nec
746 1071 893 1132 iterativa
911 1090 970 1132 nec
988 1070 1142 1131 intensiva
1160 1070 1293 1131 notione
1392 1143 1394 1146 Ι

173 1172 217 1232 uti
249 1171 342 1232 nobis
365 1172 498 1246 videtur,
529 1173 588 1235 se'd
610 1192 692 1252 quae
715 1172 811 1234 medii
834 1173 875 1232 sit
896 1170 947 1233 vei
968 1172 1085 1252 passivi
1108 1172 1246 1252 propria.

300 1288 441 1374 ἔμμορε

298 1395 330 1458 Α
354 1396 415 1472 278
433 1431 476 1439 -
491 1392 561 1458 ἐπεὶ
585 1389 711 1460 οόποθῗ
737 1391 854 1478 ὁμοίης
876 1391 995 1477 ἔμμορε
1018 1397 1113 1479 τιμῆς

356 1518 367 1554 Ι

257 1498 331 1655 Νόί]
354 1497 447 1657 eiciat
468 1597 580 1680 μείρει,
614 1597 673 1658 sed
701 1598 732 1658 in
754 1617 812 1658 usu
842 1598 1004 1676 quondam
1033 1597 1066 1658 id
1088 1595 1194 1674 fuisse,
1217 1617 1293 1658 eon·

173 1695 256 1757 cludi
279 1705 389 1776 potest
421 1717 463 1759 ex
486 1697 583 1759 medii
614 1697 717 1760 forma
747 1698 857 1782 μείρεο
890 1700 999 1762 1616.
1044 1698 1143 1760 Notio
1176 1699 1292 1761 radicis

172 1799 338 1859 transitiva
360 1797 456 1860 fuisse
478 1800 605 1861 videtur
627 1798 725 1879 (Curt.
748 1800 872 1880 Etym.³
894 1822 924 1881 p.
949 1802 1030 1880 309).

300 1913 413 1980 ἔοικα

256 2042 276 2103 η
300 2034 361 2098 209
384 2028 443 2082 etc.
463 2050 504 2071 =
522 2021 642 2096 videor,
665 2021 774 2083 similis
807 2042 876 2083 sum
910 2021 1054 2098 alicuius;
1085 2022 1154 2084 luce
1178 2021 1291 2084 clarius

173 2118 300 2182 Curtius
324 2121 460 2201 (Etym.³
482 2124 555 2202 610)
585 2124 794 2198 demonstrat,
820 2121 913 2188 ἐὀικα
939 2123 1116 2205 perfectum
1141 2144 1212 2187 esse
1236 2125 1292 2187 de·

171 2224 307 2285 rivatum
331 2245 349 2286 a
371 2226 479 2288 radice
502 2224 557 2289 όικ
581 2228 632 2307 (=
650 2230 839 2305 monstrare)
871 2237 906 2290 ut
927 2248 1080 2309 praesens
1111 2231 1152 2290 sit
1179 2229 1291 2307 όείκοο,

173 2321 332 2409 δείκνυμι.

300 2442 422 2510 ἔολπα

301 2550 332 2610 Y
354 2549 412 2609 186
429 2585 472 2593 -
489 2552 642 2631 χαλεπός
665 2550 702 2615 όέ
723 2545 753 2615 σ’
779 2548 882 2616 ἐὀλπα
904 2550 944 2616 τό
968 2550 1073 2638 ῥέξειν
1166 2533 1169 2543 ¹

434 2658 493 2710 etc.
512 2681 554 2702 =
571 2672 675 2733 sper0,
698 2649 789 2717 ἓλπιο
813 2657 851 2732 (ν.
875 2652 946 2733 380)
970 2675 1100 2736 sperare
1122 2654 1225 2719 iuben.

299 2763 472 2852 ἕσταμεν

299 2869 402 2946 ί466
425 2867 565 2955 ἕσταμεν
588 2866 765 2956 ἀχνύμενοι

101 3003 105 3008 -
167 2977 231 3060 etc.
258 3001 299 3021 =
326 2980 420 3047 stare,
455 2993 608 3053 praesens
639 2974 797 3055 significat
828 2977 983 3041 collocare
1012 2977 1109 3060 (Curt.
1142 2978 1289 3042 erlaeut.²

171 3091 201 3150 p.
228 3073 305 3151 136).

300 3190 516 3277 κεκορηότε
883 3261 885 3265 .

300 3309 318 3355 ο
342 3306 401 3372 372
425 3290 501 3374 βόες
523 3290 622 3380 ἄμφω
645 3295 827 3384 κεκορηότε
849 3301 947 3385 ποίης

416 3426 458 3447 =
479 3400 592 3472 satiati,
615 3402 725 3483 κορέει
748 3405 787 3478 (Θ
811 3404 882 3488 379)
906 3403 1043 3468 satiabit.

301 3508 457 3599 &tntae
570 3496 572 3500 Ι
782 3515 799 3595 ,’

300 3620 331 3680 n
354 3631 416 3696 729
434 3636 475 3663 -‘-
493 3644 513 3704 η
534 3618 596 3702 γὰρ
621 3614 749 3697 όλιολας
768 3623 950 3700 ἐπίσκοπος

302 3721 328 3781 0
355 3735 409 3779 111
431 3717 503 3796 υίὸς
525 3715 587 3806 γάρ
610 3720 641 3787 οἱ
665 3717 770 3790 όλοολε
791 3720 880 3809 μάχη

299 3820 335 3883 Π
355 3833 412 3899 521
434 3856 474 3866 —
493 3817 576 3908 ἀνὴρ
600 3819 629 3889 δ’
656 3819 791 3908 όίριστος
813 3822 942 3893 όλοιλεα

300 3944 319 4004 γ
335 3924 375 4001 89
394 3918 435 3986 οὐ
450 3919 513 4008 γάρ
529 3948 580 4001 τις
594 3923 739 3993 όόααται
757 3925 846 4010 σάφα
862 3929 993 4014 εἰπέμεν
1012 3925 1138 3996 ὁππόθ’
1160 3925 1289 3997 όλτοίεν
1391 4015 1392 4018 ¹
