2940 4566
599 270 904 336 —61-'

233 437 300 502 Sed
322 442 468 522 inspecto
490 441 592 506 altero
615 442 688 506 loco
711 450 775 524 quo
798 446 913 526 legitur
934 466 1085 527 praesens
1107 452 1128 511 Ι
1150 459 1224 526 540:

275 542 353 621 (σῦς)
377 535 415 618 ὃς
436 541 522 608 κακά
543 540 643 610 ’πόλλ’
658 542 823 630 7’ἕρδεσκεν
845 545 940 613 ’cilum
965 546 1086 629 Οἰνῆος
1108 542 1221 633 ἕλωήν

147 638 227 706 idm
249 642 323 705 nihil
345 645 431 707 aliud
452 645 631 726 significare
648 659 791 729 apparet,
804 652 872 712 nisi
894 648 1003 725 „facio
1026 669 1089 730 ago
1112 670 1171 730 pro
1190 670 1263 712 mea

148 752 293 819 natura,
326 766 368 808 ex
399 748 567 824 moribus“,
597 747 722 814 alona
745 772 787 813 ex
817 751 1112 830 consuetudine.
1165 751 1263 833 Quod

146 845 352 909 confirmatur
374 851 578 928 sagacissima
601 851 815 931 explicatione
837 853 928 915 huius
951 852 1048 927 verbi,
1070 873 1166 934 quam
1189 873 1262 933 pro·
1308 859 1312 868 ‘
1358 894 1363 905 ·

147 947 286 1009 tulerunt
304 947 464 1030 Benseyus
478 952 672 1031 (wurzellex.
690 952 774 1034 1372
793 956 902 1034 seqq.)‚
917 954 1064 1015 Kuhnius
1083 953 1216 1033 (Ztschr.
1233 954 1262 1015 Il

149 1050 227 1128 134),
238 1047 364 1111 Curtius
375 1051 510 1131 (Etym.³
521 1055 593 1133 236)
603 1054 687 1116 hunc
702 1057 733 1117 in
748 1057 881 1117 modum
899 1056 1088 1138 iudicantes:
1105 1057 1263 1136 prodiisse
1344 1040 1347 1052 ¹

146 1146 217 1213 ’ἑθεν
240 1173 283 1215 ex
304 1148 439 1235 *offerro
463 1158 744 1242 compositumque
771 1177 841 1220 esse
864 1179 906 1219 ex
937 1158 1044 1219 radice
1065 1161 1262 1237 pronominis

145 1258 209 1337 σΡε
232 1256 350 1336 (indog.
373 1258 440 1335 sva)
463 1256 514 1320 lat.
539 1258 649 1337 su(-us)
674 1267 706 1320 et
737 1260 843 1321 radice
866 1259 955 1321 verbi
977 1263 1019 1322 θε
1043 1259 1161 1340 (indog.
1185 1260 1260 1340 dha)

144 1386 185 1406 =
203 1356 314 1432 facere,
329 1379 458 1440 ponere,
480 1368 515 1422 ut
533 1362 574 1421 sit
591 1362 727 1439 genuina
745 1364 835 1423 notio
853 1361 942 1424 verbi
965 1361 997 1426 *o
1010 1357 1101 1433 Ρέθω
1117 1397 1158 1405 -
1174 1360 1259 1427 idm:

143 1457 223 1520 facio
247 1461 309 1521 mei
332 1463 495 1542 proprium
519 1462 536 1522 i.
560 1483 586 1523 e.
609 1466 669 1541 pro
694 1483 767 1525 mea
797 1472 916 1538 natura,
950 1484 992 1525 ex
1016 1464 1157 1525 moribus
1180 1466 1260 1526 meis

143 1561 265 1639 (notum
297 1571 355 1637 est,
385 1583 564 1644 pronomen
587 1559 652 1646 σῈε
673 1555 787 1645 -σφε
806 1563 880 1630 -ἑ
909 1564 1007 1645 (Curt.
1030 1564 1156 1651 Etym.³
1187 1566 1258 1644 366)

142 1682 205 1723 non
228 1664 269 1725 ad
292 1664 393 1726 solam
416 1668 543 1727 tertiam
566 1669 623 1730 sed
646 1667 688 1728 ad
719 1688 831 1729 omnes
862 1688 1016 1748 personas
1039 1653 1199 1748 pertinere
1221 1665 1258 1732 cs.

142 1767 176 1827 K
204 1768 264 1845 398
297 1765 355 1846 al).
381 1767 491 1843 vFalse
521 1770 616 1847 igitur
646 1771 741 1830 vertit
770 1769 906 1830 Vossius
937 1774 959 1833 I
988 1783 1059 1848 540:
1089 1772 1163 1844 „das
1195 1772 1259 1835 viel

140 1865 258 1929 boeses
276 1867 404 1948 begann
424 1870 480 1931 des
497 1869 625 1932 Oeneus
644 1870 760 1932 aecker
779 1870 1082 1932 durchstuermend“
1101 1881 1136 1933 ut
1153 1891 1258 1952 gram-

109 2050 112 2056 ·
140 1972 248 2032 matici
276 1980 401 2034 veteres
432 1970 470 2032 cf.
501 1971 598 2036 schol,
631 1969 664 2036 οἱ
695 1968 948 2057 γλωσσογράφοι
979 1971 1019 2036 τὸ
1051 1968 1145 2037 ’ἔθων
1176 1969 1257 2039 ἀπο-

141 2067 271 2136 διδόασι
292 2069 490 2152 βλάπτων.
513 2110 554 2118 -
578 2072 698 2136 Contra
721 2072 828 2138 εἲονθα
854 2072 1030 2154 perfectum
1053 2095 1117 2135 non
1139 2076 1181 2138 ad
1203 2096 1257 2156 ge·
1368 2068 1372 2074 ⁴

139 2176 266 2236 nuinam
290 2184 322 2245 et
344 2195 453 2237 veram
484 2185 628 2237 naturam
651 2176 807 2256 pertinet,
838 2177 896 2237 sed
928 2176 970 2237 ad
992 2179 1255 2239 consuetudinem

140 2278 259 2357 quippe
281 2297 362 2356 quae
383 2272 545 2358 paullatim
569 2277 684 2339 effecta
706 2279 755 2339 sit.
797 2275 869 2358 Qua
892 2297 963 2338 cum
987 2297 1021 2339 re
1043 2280 1164 2357 optime
1182 2299 1256 2340 eon-

139 2379 233 2457 gruit,
256 2380 343 2459 quod
360 2379 575 2460 Hippocrates
599 2379 708 2444 εἴωθα
730 2388 763 2440 et
784 2375 968 2463 μεμάθηκα,
990 2368 1076 2462 ἦθος
1095 2389 1127 2441 et
1144 2377 1256 2463 μάθος

138 2480 230 2544 simili
251 2502 345 2543 sensu
369 2482 446 2545 dicit
478 2481 623 2561 (Lobeck
647 2482 746 2543 rhem.
769 2501 799 2562 p.
824 2482 883 2560 89).
936 2481 1092 2542 Doctrina
1114 2485 1197 2544 enim
1221 2492 1255 2544 ut

139 2585 337 2645 consuetudo
353 2602 434 2659 usu,
453 2586 609 2664 impressa
627 2581 732 2662 aliqua
747 2603 781 2644 re
802 2583 908 2645 animo
927 2585 1101 2662 mentique,
1113 2583 1256 2659 efficitur,
1291 2591 1293 2596 '

217 2684 387 2747 Difficilius
403 2704 481 2748 vero
492 2695 558 2759 est,
581 2687 804 2747 demonstrare
823 2703 885 2764 qua
895 2687 947 2746 via
963 2685 1071 2765 lingua
1088 2707 1107 2747 a
1125 2689 1256 2747 notione

137 2791 313 2868 praesentis
335 2787 429 2867 (facio
451 2809 510 2869 pro
530 2809 603 2850 mea
621 2790 744 2867 natura)
768 2788 809 2848 ad
827 2790 990 2848 notionem
1010 2786 1142 2867 perlecti
1161 2787 1254 2868 (facio

136 2910 195 2969 pro
227 2891 466 2968 consuetudine)
493 2893 681 2970 pervenerit,
712 2909 904 2969 quamquam
936 2892 1041 2968 primo
1073 2889 1188 2951 obtutu
1212 2889 1255 2951 fa-

136 2990 249 3053 cillime
261 2991 329 3053 ‘hoc
348 2992 560 3054 demonstrari
576 3010 673 3070 posse
689 2991 815 3052 videtur
825 2992 1147 3052 comminiscentibus
1160 2991 1253 3052 nobis
1327 3012 1331 3018 ·

134 3093 296 3173 proverbii
318 3093 411 3155 illius:
441 3095 658 3168 „consuetudo
682 3101 730 3153 est
754 3091 853 3154 altera
876 3098 1004 3153 natura“
1037 3090 1178 3172 (Cicsde
1201 3093 1252 3157 tin.

137 3207 162 3272 5,
186 3207 233 3272 25,
258 3195 318 3274 74).
362 3194 427 3256 Sed
450 3195 538 3274 quod
560 3194 654 3274 quale
682 3194 775 3255 sitin
798 3197 863 3255 vita
886 3195 1046 3254 communi
1070 3194 1160 3258 facile
1182 3217 1251 3276 per·
1301 3205 1305 3212 ’

134 3298 272 3375 spicitur,
295 3297 326 3356 in
348 3294 455 3375 lingua
478 3296 643 3357 obscurius
666 3304 724 3357 est.
766 3293 799 3357 Si
823 3298 906 3357 enim
926 3304 981 3357 aut
999 3297 1176 3358 iterativam
1196 3308 1250 3360 aut

133 3399 322 3460 intensivum
332 3419 403 3461 esse
413 3400 582 3460 ¹notionem
595 3396 730 3478 perfecti
740 3397 1009 3472 contenderimus,
1025 3419 1120 3459 unum
1135 3399 1250 3474 locum,

118 3502 187 3579 =qui
209 3503 326 3580 passivi
349 3520 477 3561 sensum
499 3500 641 3580 praebet,
666 3501 819 3580 expedire
842 3520 905 3560 non
928 3501 1106 3580 poterimus

259 3606 290 3665 Ε
310 3619 367 3680 231
393 3604 519 3686 μᾶλλον
541 3596 599 3682 ὑφ’
632 3598 760 3687 ἡνιόχῳ
792 3598 934 3666 εἰωθότι
964 3597 1140 3684 κάμπυλον
1163 3594 1250 3686 άρμα

398 3702 530 3767 οἴσετον
832 3721 833 3725 ’

133 3804 136 3811 ’
218 3805 291 3887 Quo
314 3805 385 3866 loco
407 3807 470 3867 iam
492 3814 617 3867 veteres
639 3805 869 3885 grammaticos
888 3804 1029 3867 offensos
1048 3825 1128 3883 esse,
1148 3827 1190 3867 ex
1208 3827 1247 3868 eo

132 3907 267 3970 fortasse
289 3916 435 3988 apparet,
458 3909 545 3987 quod
568 3908 599 3968 in
622 3907 734 3968 codice
753 3905 910 3987 Lipsiensi
933 3928 991 3987 pro
1011 3903 1152 3971 εἰωθότι
1174 3911 1246 3969 scri-
