2940 4566
519 281 521 290 χ
630 282 840 346 ἢ*

126 463 128 467 ·
176 443 266 496 extat
292 437 377 515 apud
404 436 636 516 Hippocratem
665 445 696 498 et
723 438 977 520 Aristophanem
1004 439 1058 518 (Pl.
1084 445 1154 519 379)
1182 435 1293 520 βΰσας,

176 539 291 598 rectius
311 538 351 597 ad
367 533 439 615 βύω
458 536 599 612 refertur,
617 541 704 617 quod
731 541 866 619 praebet
884 541 1078 604 Aristoteles
1098 541 1192 620 (Curt.
1205 541 1293 605 verb.

174 637 188 696 l
212 640 293 717 317).
337 639 505 700 Nescimus
532 642 626 718 igitur
653 661 692 716 an
714 641 915 724 βεβυσμένος
941 643 1118 705 derivatum
1141 645 1182 703 sit
1205 663 1224 703 a
1246 663 1293 703 ra-

176 739 246 801 dice
275 742 334 818 βυ,
364 741 473 803 addito
505 757 523 804 σ
554 742 595 802 ad
625 741 862 804 similitudinem
901 753 1082 807 ceterorum
1111 746 1293 807 huiusmodi

175 839 398 922 perfectorum.
443 843 599 922 ἐβέβυστο
623 843 737 924 legitur
759 846 844 925 apud
868 846 1071 908 Herodotum
1094 847 1145 909 Vl
1172 861 1238 925 125.

261 946 483 1025 Κατείρυσται
507 949 542 1019 (θ
556 947 631 1024 151),
654 948 740 1025 quod
764 945 864 1009 semel
886 946 1000 1026 legitur
1022 950 1160 1029 (reliquis
1179 949 1294 1012 lociso

177 1047 266 1126 stirpi
290 1066 354 1106 non
377 1048 521 1108 additum
550 1056 597 1110 est
625 1047 662 1109 cl.
683 1051 767 1130 190)
795 1050 835 1110 ad
866 1050 1004 1111 radicem
1027 1051 1135 1130 froco
1158 1050 1293 1113 releren-

177 1151 253 1210 dum
277 1169 348 1211 esse
371 1149 497 1211 videtur
520 1148 566 1228 (cf.
591 1147 811 1233 ἐρυσσάμενος
828 1156 860 1215 Γ
871 1154 952 1230 361).
1033 1141 1035 1146 ¹

632 1409 834 1416 ..a-*-

178 1578 210 1637 K
232 1577 371 1651 littera,
399 1577 539 1648 quibus
563 1577 726 1650 perfecti
751 1576 935 1650 stirpibus
961 1579 1091 1636 addita
1116 1580 1165 1636 sit
1189 1581 1292 1651 apud

457 1757 459 1762 Α
502 1681 733 1752 Homerum,
758 1681 966 1751 quaeritur.
1072 1706 1076 1713 ·

261 1861 405 1923 Maxime
428 1861 537 1924 valere
568 1861 738 1924 dialectum
761 1863 968 1924 Homericam
990 1864 1032 1922 ad
1054 1865 1293 1942 pernoscendas

177 1961 316 2042 singulas
335 1983 469 2042 graecae
488 1962 613 2042 linguae
636 1972 758 2025 aetates
772 1964 1045 2042 enucleandasque
1064 1963 1160 2043 leges
1179 1965 1293 2043 quibus

177 2067 282 2125 variae
305 2064 478 2126 verborum
507 2064 629 2126 formae
659 2073 792 2127 exortae
816 2067 885 2138 sint,
918 2085 1014 2126 nemo
1037 2067 1150 2138 nescit,
1182 2065 1293 2128 multa·

177 2186 310 2245 rumque
330 2166 512 2240 formarum,
522 2186 603 2245 quae
619 2174 752 2245 postero
770 2175 918 2246 tempore
934 2169 965 2226 in
982 2169 1143 2227 communi
1157 2187 1214 2228 usu
1229 2188 1293 2228 non

177 2277 377 2348 usurpantur,
407 2287 505 2349 parva
534 2269 682 2330 videmus
705 2269 790 2329 initia
813 2269 897 2348 apud
921 2269 1108 2329 Homerum.
1153 2268 1228 2350 Quo
1252 2290 1292 2331 ex

177 2390 296 2449 genere
319 2370 495 2447 perfectum
518 2370 609 2432 activ.
635 2379 695 2443 est,
726 2370 813 2449 quod
836 2370 1111 2431 terminationibus
1135 2370 1293 2450 anteposi-

177 2480 244 2532 tam
262 2472 361 2533 habet
379 2471 517 2534 litteram
535 2496 556 2535 κ
572 2472 757 2551 (πέ-φυ-κ-ικ
776 2473 840 2532 rad.
859 2474 922 2550 φυ).
941 2470 1062 2551 Notum
1082 2480 1131 2532 est
1149 2472 1295 2534 divisisse

176 2575 403 2653 grammaticos
421 2583 452 2635 et
468 2583 593 2635 veteres
613 2582 645 2635 et
661 2576 862 2648 recentiores
881 2593 978 2653 quum
991 2576 1212 2638 Atticorum
1228 2574 1292 2635 dia-

177 2677 294 2739 lectum
337 2677 479 2737 maxime
518 2678 712 2756 respicerent
755 2678 844 2754 quasi
881 2678 1123 2739 lundamentum
1167 2675 1294 2754 linguae

176 2799 319 2859 graecae,
341 2787 446 2839 totum
468 2777 683 2858 perfectorum
705 2797 821 2857 gyrum
849 2778 880 2838 in
903 2779 981 2838 duas
1003 2787 1127 2858 partes;
1160 2797 1293 2856 quarum

177 2901 251 2941 una
273 2887 400 2940 constat
423 2900 466 2941 ex
492 2879 652 2959 perlectis,
684 2898 766 2957 quae
788 2899 975 2953 consonam,
1007 2880 1037 2939 in
1060 2899 1155 2957 quam
1179 2879 1294 2939 desinit

177 2984 276 3055 radix,
300 3001 363 3042 non
386 2980 507 3042 habent
529 2987 685 3041 mutatam
709 2988 742 3040 ut
764 2981 924 3063 τέ-θηπσ
947 2977 1293 3059 rad.19nrr(„perfecta

177 3085 377 3158 secunda“,
400 3091 449 3144 est
472 3103 549 3144 vero
573 3081 635 3142 hoc
657 3102 758 3161 genus
785 3082 884 3143 multo
906 3081 1062 3161 antiquius
1085 3101 1181 3160 quam
1205 3083 1292 3160 quod

176 3186 336 3263 sequitur),
366 3184 486 3245 altera
517 3205 559 3245 ex
589 3184 626 3244 iis
658 3203 740 3262 quae
762 3192 815 3244 aut
837 3183 921 3244 illam
945 3202 1121 3243 consonam
1144 3181 1292 3244 affectam

176 3289 332 3367 praebent
361 3286 553 3365 aspiratione
576 3286 714 3365 tricorpor
736 3286 800 3345 rad.
823 3287 901 3364 τσπ)
924 3293 978 3346 aut
1008 3304 1090 3363 quae
1119 3286 1215 3346 radici
1238 3285 1313 3345 ad-·

178 3390 255 3448 dunt
286 3411 306 3450 κ
336 3388 474 3448 litteram
502 3386 731 3466 (ni-power
760 3387 825 3450 rad.
849 3388 905 3467 pv)
938 3386 1107 3466 („periecta
1136 3386 1292 3465 prima“,

177 3489 255 3552 salse
277 3491 409 3569 vocata).
455 3488 553 3569 Quod
575 3489 726 3569 perverse
758 3509 861 3568 neque
890 3488 940 3549 via
971 3508 1008 3549 ac
1034 3487 1156 3548 ratione
1178 3486 1292 3549 fecisse

176 3592 404 3670 grammaticos
437 3591 637 3652 demonstrat
667 3590 793 3651 Curtius
821 3590 1016 3668 (erlaeuter.²
1046 3610 1075 3669 p.
1103 3604 1161 3668 107
1193 3591 1293 3668 seqq.)

176 3693 256 3756 Sunt
288 3695 371 3757 enim
403 3693 444 3754 ab
467 3714 527 3754 una
558 3695 737 3772 eademque
760 3695 882 3771 origine
909 3693 1016 3753 omnia
1048 3691 1189 3772 perfecta
1219 3712 1291 3772 pro·

176 3795 266 3871 secta,
297 3817 401 3876 neque
431 3798 569 3877 pertinet
599 3796 748 3875 aspiratio
779 3794 830 3856 illa
862 3815 1022 3856 consonae
1049 3796 1090 3856 ad
1113 3795 1215 3874 ipsam
1238 3815 1291 3855 na·

175 3907 279 3960 turam
301 3897 433 3979 perlecti
464 3901 522 3961 sed
550 3918 690 3959 consona
721 3898 823 3958 tenuis
854 3906 907 3958 aut
937 3898 1044 3959 media
1065 3897 1096 3956 in
1119 3897 1291 3976 aspiratam
