2940 4566
629 255 838 333 ,53-

178 425 251 508 (scil.
271 421 462 504 Ὀδυσσεύς).
508 423 582 506 Quo
605 427 770 485 versuvis
792 422 927 504 perfecti
950 424 1199 486 luculentissime
1221 443 1292 503 per·

176 530 256 609 spici
286 536 410 608 potest;
449 525 564 607 legitur
595 528 742 590 enimv.
766 528 805 606 87
838 520 1032 609 πευθόμεθ’
1067 514 1123 610 ἧχι
1154 522 1292 598 ἕκαστος

177 624 232 694 ἀπ
245 625 271 693 ν’
280 632 379 692 λετο
402 632 512 713 λυγρῷ
536 622 681 711 ὀλέθρῳι
705 629 892 703 audivimus,
910 627 963 690 ubi
981 636 1137 690 terrarum
1156 629 1289 707 quisque

176 733 308 811 periret;
339 731 426 810 quod
459 738 573 810 utpote
596 729 765 811 aliquando
789 728 906 791 factum
935 750 1032 809 quum
1055 735 1290 802 commemoret

70 884 72 888 .
176 852 279 911 neque
301 833 346 894 ita
369 832 479 894 doleat
501 831 721 906 Telemachus,
749 851 938 912 expressum
962 840 1010 893 est
1034 833 1166 905 aoristo;
1193 850 1290 910 quum

177 954 253 995 vero
272 935 313 995 de
331 942 423 1013 patre
442 943 581 1013 quaerat,
599 931 744 1013 perfecto
764 924 909 1013 (ὅπποθ>
931 927 1057 996 ὄλωλεν
1072 956 1091 1017 γ
1108 934 1158 1013 89)
1181 934 1291 1006 utitur;

176 1056 314 1115 namque
337 1034 481 1116 perfecto
512 1035 537 1096 si
561 1037 644 1096 actio
671 1036 824 1115 pereundi
847 1035 1045 1116 exprimitur,
1073 1042 1185 1114 aperte
1214 1035 1292 1095 indi-

176 1146 272 1212 catur,
295 1139 335 1213 id,
358 1139 445 1217 quod
469 1139 568 1200 exitio
590 1139 690 1217 patris
713 1139 923 1215 emanaverit,
946 1137 988 1198 ad
1018 1139 1122 1217 ipsum
1153 1144 1291 1216 tempus,

176 1260 239 1319 quo
262 1240 400 1320 loquitur
422 1238 646 1318 Telemachus,
668 1241 838 1320 pertinere.

258 1341 294 1402 In
317 1363 380 1422 quo
410 1340 553 1422 perfecto
585 1341 795 1404 observemus
827 1341 901 1404 licet
924 1343 957 1403 id
987 1342 1074 1421 quod
1103 1343 1165 1402 iam
1196 1350 1291 1421 supra

174 1444 311 1506 vidimus
329 1445 377 1523 (cs.
395 1445 565 1528 τέθνηκα),
583 1464 679 1525 saepe
698 1442 830 1506 Graecis
849 1444 1070 1505 condicionem
1089 1451 1163 1505 ante
1182 1442 1291 1503 oculos

174 1548 302 1621 versari,
334 1567 430 1628 quum
464 1567 523 1607 nos
553 1567 612 1628 pro
636 1555 747 1608 nostro
778 1548 906 1627 ingenio
936 1548 1096 1608 actionem
1124 1544 1291 1625 fingamus,

174 1667 236 1727 qua
266 1647 317 1711 illa
348 1649 494 1711 condicio
526 1647 667 1710 efficitur.
728 1649 836 1711 Vertit
873 1650 957 1710 enim
997 1648 1134 1710 Vossius
1163 1666 1290 1709 versum

173 1748 260 1810 illum
284 1751 308 1814 Δ
332 1752 391 1827 164
405 1781 446 1801 --
464 1754 493 1814 Ζ
507 1752 570 1827 448
594 1747 722 1814 ἔσσεται
743 1739 830 1835 ἦμαρ
855 1741 938 1813 ὅταν
959 1744 1040 1813 ποτ’
1066 1744 1178 1833 ὀλώλη
1197 1741 1292 1823 ’λλιος

174 1847 226 1936 ἱρή
250 1854 348 1926 „eiust
370 1854 449 1913 wird
472 1852 624 1913 kommen
648 1853 705 1914 der
727 1861 791 1932 tag,
823 1854 865 1913 da
887 1853 940 1914 die
969 1850 1085 1931 heilige
1107 1851 1180 1913 Ilios
1212 1849 1291 1910 hin-

174 1955 310 2028 sinkt“;
342 1955 532 2016 vertendum
559 1963 667 2016 autem
697 1963 776 2016 erat:
809 1956 868 2029 „da
890 1955 942 2015 die
972 1952 1087 2033 heilige
1118 1952 1192 2013 Ilios
1224 1951 1291 2012 hin-

173 2055 337 2135 gesunken
360 2058 421 2118 ist“
445 2055 492 2135 (cf.
518 2060 544 2121 0
571 2073 641 2117 111:
670 2050 753 2140 ἀνὴρ
777 2051 807 2119 ‹l'
834 2050 969 2139 ἄριστος
999 2049 1147 2134 ὄλωλεν).
1193 2053 1290 2136 Quod

173 2168 259 2220 certe
283 2162 408 2238 gravius
431 2169 527 2238 atque
549 2159 694 2221 acerbius
717 2161 837 2220 dictum
862 2168 918 2221 est.
958 2157 993 2221 Si
1012 2160 1095 2220 enim
1118 2160 1188 2238 ipsa
1205 2159 1290 2219 actio

172 2262 325 2339 pereundi
356 2270 638 2336 commemoratur,
678 2261 790 2323 urbem
827 2262 977 2337 nondum,
1000 2259 1095 2342 plane
1132 2281 1149 2321 e
1185 2280 1289 2321 rerum

172 2370 284 2424 natura
315 2362 473 2443 sublatam
504 2384 575 2425 esse
605 2372 853 2426 consentaneum
886 2372 944 2438 est,
980 2364 1038 2424 sed
1068 2371 1142 2424 ante
1179 2361 1290 2423 oculos

173 2463 384 2526 obversantur
406 2465 564 2540 flammae,
587 2467 702 2540 ruinae,
726 2464 882 2528 clamores
905 2474 947 2540 ut,
971 2486 1052 2545 quae
1070 2472 1143 2526 sunt
1164 2465 1291 2544 ingenia

175 2564 379 2640 Graecorum,
410 2567 471 2629 hae
503 2587 553 2628 res
585 2568 688 2628 minus
721 2570 828 2629 tristes
859 2566 1090 2648 horribilesque
1117 2568 1205 2627 visae
1228 2567 1290 2626 sint

174 2686 268 2746 quam
299 2669 397 2729 tristis
429 2668 568 2730 solitudo
591 2668 668 2744 loci,
700 2667 753 2730 ubi
776 2679 871 2732 antea
893 2669 1102 2757 floridissima·
1118 2668 1290 2728 constituta

175 2777 243 2830 erat
266 2769 350 2831 urbs,
394 2769 502 2850 Quare
524 2770 648 2832 Hector
669 2791 766 2850 quum
790 2780 937 2852 erumpat
967 2773 998 2832 in
1030 2770 1210 2831 tristissima
1237 2766 1290 2828 illa

172 2873 272 2932 verba
295 2873 334 2950 (Z
352 2873 424 2949 448)
447 2874 643 2954 praesentire
665 2875 790 2935 videtur
813 2874 1033 2935 condicionem
1063 2870 1161 2948 illam,
1193 2890 1289 2951 quam

175 2973 327 3036 describit
349 2973 450 3036 multo
473 2982 548 3055 post
570 2983 681 3056 poeta:
1175 2980 1177 2983 ’

377 3095 453 3157 „dum
471 3096 563 3144 Priami
581 3096 726 3159 Paridisque
744 3097 816 3144 busto

376 3177 481 3228 lnsultet
499 3185 637 3228 armentum
656 3186 680 3230 et
699 3181 795 3230 catulos
813 3181 880 3229 ferae

378 3264 466 3315 Celent
484 3262 594 3313 inultae⁴‘
751 3335 754 3338 Α
807 3265 881 3328 (Hor.
902 3280 977 3313 carm.
996 3267 1042 3317 111.
1062 3279 1085 3328 3,
1103 3264 1222 3326 40—43.)

176 3400 240 3459 quo
262 3383 380 3443 tristius
405 3382 677 3463 miserabiliusque
698 3385 754 3445 vix
776 3392 886 3464 potest
909 3384 1082 3464 quidquam
1106 3380 1251 3443 describi.

301 3485 474 3569 πέπηγεν

304 3585 323 3648 d
348 3600 403 3666 135
424 3623 467 3632 -—
481 3589 572 3670 παρὰ
595 3581 625 3650 δ’
648 3585 740 3670 έγχεα
761 3585 870 3672 μακρὰ
891 3588 1046 3670 πέπηγεν,

329 3691 373 3765 (N
390 3693 463 3768 442)
482 3720 523 3740 =
541 3688 633 3751 hasta
655 3689 755 3751 infixa
773 3698 830 3764 est,
852 3685 997 3774 πήγνυμι
1019 3693 1054 3754 X
1064 3702 1124 3767 453
1149 3687 1289 3768 infigere.

316 3848 318 3853 ,
379 3788 487 3871 (Quod
520 3812 672 3873 praesens
695 3793 780 3873 apud
803 3791 981 3855 Homerum
1005 3792 1147 3853 nondum
1169 3798 1292 3867 extare,

379 3912 442 3953 non
465 3904 551 3956 recte
573 3895 739 3956 contendit
762 3892 888 3957 Curtius
911 3894 1010 3956 Verb.
1033 3895 1045 3955 l
1072 3895 1149 3972 161).
