2940 4566
637 323 827 384 ..9-

173 477 248 557 Quo
280 476 311 537 in
340 495 473 536 numero
504 474 690 536 habendum
721 496 793 538 esse
818 477 944 537 videtur
967 469 1043 539 οἰδα
1069 484 1100 537 et
1131 468 1217 558 εἷμα,
1250 476 1291 536 de

172 577 288 657 quibus
306 577 410 638 verbis
428 597 574 638 seorsum
597 596 616 637 a
638 576 764 656 reliquis
783 592 830 638 est
847 578 1017 656 agendum.
1061 574 1143 638 Sunt
1161 576 1291 655 quidem

173 679 243 752 loci,
266 679 319 740 ubi
342 679 439 739 etiam
462 679 492 739 in
516 673 591 741 οἶδα
609 677 752 757 perfecto
769 680 933 758 digamma
949 686 981 739 et
996 679 1110 739 adesse
1130 686 1161 738 et
1177 679 1290 739 deesse

172 788 281 860 potest
302 788 356 840 aut
378 799 509 860 prorsus
533 779 669 840 reiicitur
691 783 803 854 metr0,
829 779 944 860 plures
976 799 1073 859 quam
1095 779 1210 858 quibus
1233 779 1290 839 uti-

173 902 235 960 que
268 880 448 963 postulatur
478 881 600 960 spirans
634 881 752 955 littera;
789 889 862 942 sunt
898 882 981 942 enim
1014 900 1055 940 ex
1085 880 1140 941 illo
1172 899 1291 960 genere

173 991 324 1044 centum
346 983 615 1063 septuaginta,
647 1002 689 1042 ex
711 983 774 1043 hoc
797 990 946 1043 centum
978 1002 1078 1042 unus,
1123 980 1191 1044 Sed
1212 1002 1290 1063 pau-

173 1085 274 1145 ciores
297 1093 383 1158 sunt,
415 1085 441 1144 si
465 1104 536 1144 cum
561 1083 687 1162 reliquis
711 1083 859 1164 perfectis
882 1102 1119 1162 comparamuS,
1149 1093 1182 1144 ut
1205 1091 1291 1144 recte

174 1185 387 1247 Hoffmannus
410 1186 534 1248 litterae
568 1181 639 1269 fin
661 1186 724 1247 hoc
746 1184 847 1246 verbo
876 1185 1028 1247 maiorem
1056 1185 1200 1246 tribuerit
1225 1187 1291 1246 vim

173 1289 319 1366 (quaestt.
353 1288 439 1352 hom.
471 1288 500 1349 II
532 1302 580 1367 25.
608 1290 666 1368 51).
720 1286 913 1349 Obseruauit
946 1288 1029 1348 enirn
1059 1288 1186 1368 saepius
1217 1295 1290 1349 ante

173 1389 234 1450 hoc
253 1388 387 1450 verbum
410 1388 551 1469 syllabas
574 1390 688 1452 breves
711 1391 897 1450 terminatas
919 1389 950 1448 in
969 1409 1126 1450 consonas
1149 1389 1291 1469 produci.

171 1527 214 1535 -
236 1489 348 1569 Atque
370 1490 566 1553 validissimo
598 1492 761 1571 digamma
785 1484 871 1574 εἷμαι
892 1490 1069 1571 perfectum
1092 1491 1136 1551 uti
1158 1493 1291 1571 videtur,

173 1612 269 1670 quum
293 1595 515 1672 quindecies
537 1593 717 1674 postuletur
735 1602 845 1666 metro,
869 1591 926 1652 bis
950 1600 982 1652 et
1000 1593 1114 1653 adesse
1130 1601 1161 1654 et
1176 1593 1290 1654 deesse

172 1693 283 1772 possit,
306 1695 462 1755 reiiciatur
485 1715 651 1774 nusquam.

451 1858 1020 1947 ἄνὴνοθεν,ὲπενήνοθεν

257 1980 472 2044 Subtilissime
492 1985 533 2045 de
548 1984 596 2044 his
615 1982 735 2061 formiS,
759 2002 841 2061 quae
859 1984 944 2061 apud
964 1981 1143 2043 Homerum
1162 1990 1291 2044 exstant

172 2083 202 2143 in
235 2083 379 2144 versibus
404 2086 515 2159 Λ266,
538 2099 628 2181 0279
655 2094 687 2146 et
713 2087 814 2164 3219
836 2087 870 2147 Κ
882 2099 940 2160 134
962 2084 1075 2161 3365,
1108 2083 1174 2162 egit
1201 2083 1290 2144 Butt-

174 2204 315 2259 mannuS,
339 2193 373 2246 ut
395 2186 487 2247 nobis
511 2194 653 2247 nostram
677 2185 877 2266 explicaturis
901 2184 1090 2245 sententiam
1113 2184 1153 2245 ab
1176 2183 1229 2246 illo
1251 2185 1291 2245 sit

172 2287 369 2347 ordiendum.
402 2287 496 2365 (lexil.
519 2289 541 2349 I.
565 2290 627 2350 266
649 2290 749 2367 seqq.)
800 2287 852 2349 Ac
885 2286 1001 2348 refutat
1031 2288 1169 2367 primurn
1200 2285 1290 2346 Butt-

173 2407 306 2448 mannus
323 2386 502 2451 Godolredi
520 2389 696 2451 Hermanni
712 2391 911 2463 sententiam,
934 2390 987 2468 qui
1004 2398 1129 2450 secutus
1145 2396 1291 2449 veterum

55 2519 63 2541 ι
171 2491 456 2567 grammaticorum
479 2493 673 2571 opinionem,
703 2491 760 2552 has
783 2489 902 2551 formas
930 2512 949 2551 a
971 2489 1072 2551 verbo
1095 2483 1194 2553 *duro
1217 2508 1290 2568 pro-

172 2588 272 2651 lectas
295 2611 374 2665 esse,
397 2593 547 2655 iudicavit
571 2592 770 2671 (deemend.
785 2600 840 2653 rat.
859 2611 905 2671 gr.
926 2611 973 2671 gr.
991 2613 1021 2672 p.
1043 2597 1125 2670 279).
1163 2589 1290 2651 Omitti-

174 2711 244 2752 mus
267 2712 345 2771 quas
375 2695 442 2775 ipse
464 2694 555 2756 affert
582 2714 710 2756 caussas
732 2694 957 2767 ButtmannuS,
989 2713 1053 2753 non
1076 2712 1118 2752 ex
1141 2690 1290 2752 omnibus

171 2793 313 2872 partibus
335 2796 498 2875 probatas,
520 2816 618 2876 quum
640 2804 755 2876 postea
772 2795 862 2856 brevi
878 2796 1095 2856 diiudicaverit
1116 2793 1199 2854 hanc
1222 2812 1290 2853 rem

173 2892 368 2971 Lobeckius;
392 2897 624 2958 demonstravit
651 2899 736 2958 enim
763 2897 893 2957 omnino
920 2916 1080 2976 nunquam
1103 2896 1198 2957 fuisse
1221 2914 1289 2955 ver-

173 2994 251 3056 bum
265 2990 374 3075 *ddum
384 3000 442 3060 sed
458 3019 477 3060 a
494 2998 655 3060 veteribus
675 2998 890 3079 grammaticis
909 3018 1039 3078 prorsus
1055 2999 1085 3058 id
1102 3017 1173 3059 esse
1183 3016 1289 3057 ernen-

173 3097 264 3158 titam
287 3107 321 3158 ut
343 3095 458 3164 *ἐνόω
481 3101 591 3179 (rhem,
614 3122 643 3181 p.
661 3116 711 3180 90.
732 3104 815 3179 223).

258 3199 357 3261 Porro
389 3203 599 3264 Buttmannus
636 3223 734 3282 quum
765 3204 796 3262 in
829 3197 1002 3286 ἀνήνοθεν
1033 3197 1199 3286 {vilvord
1229 3221 1289 3282 pro

174 3303 276 3365 torma
299 3313 332 3366 et
354 3305 562 3386 reduplicatio
582 3307 676 3367 attica
695 3325 776 3384 quae
795 3306 908 3365 dicitur
930 3325 1002 3366 esse
1023 3305 1126 3385 possit
1149 3313 1180 3365 et
1198 3304 1290 3364 redu-

173 3406 300 3486 plicatio
331 3407 383 3469 illa
415 3406 521 3470 similis
553 3406 716 3487 augmenti
748 3405 950 3486 temporaliS,
982 3407 1169 3487 antepositis
1199 3424 1289 3486 prae-

173 3509 385 3588 positionibus
408 3507 446 3572 ἐν
469 3518 501 3570 et
524 3504 600 3586 ἀνά,
624 3529 692 3571 rem
710 3509 753 3569 ita
773 3509 932 3587 diiudicat,
955 3516 990 3569 ut
1008 3507 1290 3588 reduplicationem

172 3612 303 3673 atticam
325 3612 480 3692 praebere
502 3612 558 3673 has
578 3610 697 3672 formas
713 3619 839 3672 statuat.
884 3610 950 3671 Vix
968 3612 1053 3671 enim
1077 3611 1163 3672 credi
1185 3630 1290 3690 posse,

173 3733 255 3792 quae
273 3715 313 3774 sit
335 3712 438 3775 lucida
460 3714 511 3775 illa
529 3714 737 3794 perspicuitas
760 3714 915 3774 sermonis
938 3712 1085 3786 Homeri,
1115 3713 1193 3773 duas
1217 3731 1290 3772 eum

176 3815 379 3895 congessisse
413 3816 679 3897 praepositiones
720 3823 755 3876 ut
786 3817 872 3894 quod
904 3812 1088 3894 simpliciter
1120 3815 1290 3875 dicendum

173 3927 249 3992 erat,
272 3917 453 3997 lanuginem
476 3919 571 3979 luisse
593 3918 624 3978 in
647 3916 744 3997 pallio
763 3916 925 3979 Nestoris:
1022 3962 1025 3970 ι
