2940 4566
412 214 418 250 l

629 303 753 368 ·..52
797 319 844 336 ...Δ

179 457 299 538 ἔλαβον
329 480 387 541 pro
410 459 532 539 origine
563 460 648 521 idem
679 458 762 521 valet
781 469 887 539 ⁴atque
919 455 1115 542 ἐλάμβανον,
1145 457 1292 526 ἔκευθον

178 561 265 623 idern
295 569 392 641 atque
422 558 558 638 ἔκυθον,
590 579 687 640 quum
720 569 853 640 utraque
881 559 984 624 forma
1014 562 1055 623 ad
1086 564 1291 642 praeteritum

178 670 302 743 spectet
323 672 462 745 tempus;
485 663 544 725 sed
561 682 659 742 quum
673 664 770 743 stirps
792 663 859 725 sive
875 663 973 726 nasali
994 663 1097 726 littera
1114 673 1207 726 aucta
1224 667 1293 728 sive

178 763 427 844 amplificatione
456 763 574 826 vocalis
600 771 676 844 apta
699 773 783 826 esset
804 766 846 827 ad
868 766 1106 827 diuturnitatem
1128 767 1291 846 quandam

177 865 418 946 significandam
447 867 593 940 actionis,
624 864 812 949 ἐλάμβανον
841 876 872 929 et
894 865 1041 932 ἔκευθον
1062 868 1292 948 imperfectum,

178 969 266 1046 quod
288 976 416 1050 tempus
443 976 536 1030 antea
557 988 621 1029 non
643 977 719 1042 erat,
741 967 858 1030 facturn
881 978 937 1044 est,
960 971 1095 1031 aoristus
1117 967 1239 1049 ἔλαβον
1262 980 1295 1033 et

178 1065 306 1136 ἒκυθον
326 1069 374 1149 (cf.
399 1068 525 1133 Curtius
547 1091 602 1131 zur
616 1069 830 1150 chronologie
847 1072 906 1133 der
928 1072 1036 1151 indog.
1060 1071 1292 1152 sprachiorsch.

176 1172 277 1235 Verb.
301 1174 314 1234 Ι
336 1194 366 1254 p.
394 1176 471 1251 181).
509 1171 575 1234 Sed
607 1192 646 1233 eo
668 1174 752 1234 unde
786 1174 919 1252 digressi
950 1193 1058 1235 sumus
1090 1183 1294 1237 revertamur.

176 1274 341 1340 Paullatim
373 1276 462 1337 notio
492 1275 624 1337 actionis
654 1274 815 1355 perfectae
846 1276 1010 1337 notionem
1032 1275 1226 1337 condicionis
1250 1279 1293 1339 ita

177 1380 346 1460 superavit,
378 1385 412 1439 ut
441 1385 608 1457 postremo
639 1374 691 1439 illa
720 1376 785 1439 iere
814 1376 881 1438 sola
910 1376 1055 1457 perfecto
1077 1376 1292 1443 subiiceretur.

177 1480 284 1563 Quum
319 1481 402 1541 enim
424 1478 510 1559 apud
532 1478 711 1540 Homerum
742 1477 843 1540 multo
867 1481 967 1540 maior
989 1480 1029 1540 sit
1051 1499 1199 1541 numerus
1222 1501 1293 1562 per·

176 1584 333 1645 sectorum
355 1582 396 1643 ad
419 1601 569 1662 praesens
600 1588 727 1661 tempus
756 1583 976 1661 spectantium,
1006 1601 1101 1660 quarn
1131 1601 1214 1661 quae
1241 1573 1292 1645 ac·

175 1687 296 1746 tionem
327 1682 503 1764 perfectam
533 1682 711 1763 significant
740 1685 823 1758 (sunt
854 1683 972 1745 exilio
995 1703 1136 1757 numer0,
1159 1685 1292 1748 sirecte

176 1788 437 1862 enumeravimus,
469 1785 553 1867 plus
583 1788 841 1867 septuaginta,
872 1805 916 1849 ex
951 1786 1012 1856 hoc
1038 1786 1173 1866 viginti
1203 1790 1290 1869 duo)

175 1898 307 1970 postera
330 1888 456 1969 linguae
485 1896 592 1950 aetate
614 1908 772 1969 perpauca
801 1888 940 1969 perfecta
962 1890 1138 1968 praesentis
1160 1890 1292 1954 notione

174 1992 284 2052 induta
316 1994 396 2053 esse
418 2011 519 2070 eaque
546 1989 611 2053 fere
633 1991 740 2052 omnia
765 1991 828 2052 iarn
849 1992 934 2071 apud
957 1990 1136 2052 Homerum
1158 1993 1291 2055 inveniri

174 2093 327 2154 videmus
373 2092 474 2174 Quid?
498 2095 585 2172 quod
607 2093 769 2174 paullatim
792 2094 880 2154 notio
907 2094 1038 2154 actionis
1064 2091 1225 2172 perlectae
1247 2095 1292 2157 ita

174 2193 362 2274 praevaluit,
393 2205 428 2257 ut
450 2193 625 2276 perfectum
656 2195 707 2256 vel
739 2197 780 2256 ad
803 2195 1006 2276 praeteritum
1029 2202 1156 2274 tempus
1186 2195 1218 2256 id
1240 2205 1291 2258 est

174 2297 215 2357 ad
238 2297 392 2357 aoristum
414 2298 542 2376 propius
565 2298 740 2359 accederet.
780 2296 880 2369 Tum,
911 2296 1059 2375 quoniam
1082 2316 1146 2356 non
1168 2298 1201 2358 id
1223 2300 1292 2377 agit

172 2395 286 2476 lingua,
309 2405 343 2458 ut
366 2399 451 2459 idern
471 2399 592 2460 duabus
611 2401 769 2479 exprimat
791 2397 909 2472 formis,
931 2397 1107 2478 perfectum
1117 2397 1290 2479 paullatim

140 2552 143 2557 .
173 2496 265 2578 plane
289 2501 408 2561 excidit
431 2521 449 2562 e
470 2499 576 2580 lingua
599 2521 712 2581 graeca
735 2499 884 2580 (Mullach
907 2520 1006 2580 gram.
1029 2500 1059 2562 d.
1083 2499 1199 2578 griech.
1222 2501 1289 2561 vul-

173 2599 387 2679 gaersprache
409 2623 439 2683 p.
461 2604 522 2681 69).
567 2601 783 2682 Similiterque
805 2604 835 2663 in
853 2610 962 2664 nostra
985 2603 1090 2682 lingua
1111 2601 1288 2683 perfectum

173 2703 214 2762 ad
237 2705 442 2782 praeteritum
465 2712 591 2784 tempus
614 2713 738 2785 spectat
760 2712 794 2765 ut
812 2702 926 2766 schlief
937 2713 996 2784 got
1021 2703 1141 2784 sai-slip
1158 2702 1290 2781 (schlei-

173 2803 249 2864 cher
273 2801 401 2886 Comp.3
422 2826 452 2886 p.
476 2809 557 2886 733).
1052 2803 1054 2807 ’

261 2905 376 2988 Quare
390 2928 487 2987 quum
510 2911 657 2970 notiones
687 2908 846 2989 perfectae
877 2909 1007 2970 actionis
1038 2916 1070 2969 et
1092 2908 1288 2970 condicionis

173 3010 330 3077 artissime
348 3011 546 3090 cohaereant,
565 3012 886 3074 iamconsentaneum
905 3019 961 3084 est,
979 3010 1103 3090 saepius
1125 3011 1180 3070 vix
1190 3029 1288 3090 posse

174 3110 342 3186 diiudicari,
360 3122 430 3174 utra
448 3115 536 3174 notio
555 3116 667 3194 cuique
681 3112 832 3194 persect0,
854 3115 940 3192 quod
962 3121 1053 3173 extat
1070 3114 1155 3192 apud
1165 3111 1287 3174 Home·

173 3229 256 3285 rum,
288 3212 328 3272 sit
357 3214 531 3276 tribuenda.
575 3215 660 3277 Nam
689 3236 753 3294 quo
780 3216 848 3295 quis
871 3214 962 3275 altius
985 3213 1193 3294 subtiliusque
1210 3234 1286 3301 per·

173 3313 314 3394 spexerit
344 3333 452 3376 veram
483 3326 627 3379 naturam
650 3328 745 3399 atque
764 3318 835 3379 'vim
857 3316 1000 3397 perfecti,
1033 3336 1071 3376 eo
1093 3317 1286 3391 incertiores

172 3424 206 3476 ut
228 3417 320 3478 nobis
339 3420 470 3498 quidem
500 3419 785 3493 videtur,·habebit
806 3421 972 3492 terminos
1004 3418 1118 3498 quibus
1140 3412 1191 3479 illa
1220 3419 1285 3478 duo

172 3536 290 3595 genera
313 3521 467 3601 seiungat.
508 3524 613 3596 Quare
634 3541 698 3581 non
721 3531 769 3583 est
788 3543 843 3582 cur
865 3523 1022 3594 miremur,
1051 3536 1122 3581 esse
1143 3518 1286 3599 perfecta

172 3620 257 3698 apud
280 3621 467 3698 Homerum,
499 3643 580 3703 quae
610 3632 715 3685 utrum
744 3625 916 3704 praesentis
939 3643 978 3683 an
1001 3620 1131 3702 perfecti
1153 3623 1286 3682 notione

172 3721 323 3784 instructa
346 3726 408 3785 sint
430 3728 583 3789 incertum
602 3735 658 3800 est,
677 3746 780 3805 neque
797 3747 855 3786 nos
879 3728 919 3787 de
940 3725 976 3784 iis
998 3724 1198 3804 disputantes
1209 3742 1286 3784 om·

172 3822 263 3884 nibus
303 3825 474 3906 probatum
513 3829 548 3889 iri
579 3848 753 3909 speramus,
806 3828 864 3888 Est
895 3828 977 3887 enirn
1009 3826 1062 3887 ubi
1083 3825 1152 3905 ⁴ipsi
1182 3823 1284 3886 haesi-

171 3932 282 3987 temus
