2940 4566
630 287 842 353 ,17-

172 443 288 505 radicis
319 444 378 505 sed
408 442 450 503 ad
481 440 654 504 faciliorem
678 440 880 506 efficiendam
903 448 1198 526 pronuntiationem
1222 469 1294 528 per-

171 547 319 608 tinerent.
354 543 407 607 Sic
429 543 505 606 nihil
527 545 661 607 interest
684 546 817 608 notione
834 548 916 610 inter
934 545 1058 628 ἔφθιον
1079 558 1113 611 et
1130 546 1296 629 ἔφθιθον,

172 645 269 729 ἔσχον
291 655 323 709 et
341 644 493 728 ἔσχεθον.

257 765 372 846 Neque
391 767 436 826 ita
454 764 634 826 mirandum
652 785 725 827 esse
743 763 889 844 (Curtius,
908 767 1031 846 Etym³
1047 788 1078 849 p.
1087 769 1140 846 62)
1159 770 1296 846 videtur,

172 871 258 951 apud
280 869 462 930 Homerum
490 889 511 929 κ
539 886 603 927 non
634 876 748 929 extare
779 870 841 944 nisi
866 871 897 930 in
924 870 961 930 iis
984 867 1112 944 formis,
1146 871 1200 932 ubi
1222 891 1295 952 pro·

172 972 370 1047 nuntiatione
403 968 648 1048 quodammodo
679 969 875 1050 postuletur,
906 978 976 1032 tum
1007 972 1039 1032 in
1068 971 1145 1033 alias
1169 992 1297 1052 quoque
1412 1042 1416 1048 ,

172 1072 293 1135 formas
320 1073 502 1152 irrepsisse,
530 1072 669 1151 denique
690 1089 750 1151 pro
777 1071 852 1152 lege
874 1081 1040 1153 semper
1061 1093 1133 1135 esse
1154 1075 1296 1154 positum

172 1178 203 1237 in
226 1175 321 1236 certis
352 1173 512 1253 stirpibus.
557 1172 698 1234 Primum
718 1179 747 1236 ’κ
770 1182 856 1236 certe
882 1173 1066 1256 pertinebat
1094 1176 1137 1236 ad
1166 1195 1296 1241 sensum

173 1277 272 1356 (quod
294 1276 424 1354 quidem
443 1276 475 1336 in
493 1275 529 1335 iis
548 1293 685 1353 graecae
702 1273 829 1355 linguae
843 1274 1004 1337 aetatibus
1020 1295 1103 1355 quae
1121 1274 1296 1339 litterarum

124 1396 127 1401 ·
172 1369 388 1440 monumentis
421 1395 596 1456 expressae
627 1375 720 1438 nobis
748 1377 887 1439 traditae
917 1385 1003 1451 sunt,
1035 1379 1203 1440 videamus
1232 1398 1298 1439 non

172 1481 257 1558 licet)
279 1477 443 1561 paullatim
467 1486 575 1540 autem
598 1478 642 1538 ad
673 1477 810 1539 sormam
836 1486 971 1540 tantum.
1018 1477 1116 1560 Quod
1138 1479 1234 1559 quale
1256 1481 1296 1542 sit

172 1583 258 1663 apud
280 1583 461 1644 Homerum
493 1582 556 1641 iam
587 1581 807 1659 quaerendum
831 1589 888 1642 est
926 1579 1117 1659 (Omisimus
1139 1580 1298 1643 hocloco

173 1683 324 1757 refutare,
355 1683 444 1762 quod
466 1683 665 1743 contendunt
686 1676 947 1743 viri‘doctissimi
968 1681 1128 1745 Kuhnius:
1157 1685 1199 1745 de
1221 1703 1297 1745 con-

173 1787 336 1866 iugatione
358 1786 451 1866 ἱη-μι
473 1803 502 1864 p.
522 1785 577 1860 643
599 1780 776 1862 Benleyus:
799 1783 896 1845 kurze
918 1786 1157 1864 sanseritgram.
1180 1782 1199 1868 ξ
1220 1788 1297 1861 218;

174 1886 347 1950 Christius:
381 1885 500 1974 griech.
533 1883 690 1947 lautlehre
713 1905 756 1965 p·
770 1887 837 1963 184,
863 1887 941 1959 281;
973 1884 1233 1965 Savelsbergius:
1257 1888 1298 1950 de

173 1994 341 2071 digammo
373 1991 504 2067 eiusque
534 1987 823 2049 immutationibus.
872 1989 961 2067 1867.
1000 2000 1036 2065 4⁰
1065 2009 1095 2069 p.
1120 2004 1150 2066 3,
1191 1998 1297 2050 ortum

172 2113 243 2156 esse
274 2116 295 2156 κ
325 2113 367 2155 ex
401 2086 433 2174 β,
466 2088 505 2151 cl.
536 2088 672 2164 Curtius,
703 2089 831 2168 Etym.³
862 2109 885 2150 s.
907 2108 936 2150 V.
967 2090 1114 2156 ΕΔΕΔΟ
1129 2085 1186 2172 ΕΑ.
1217 2091 1299 2153 Fick

173 2196 281 2275 indog.
303 2192 489 2257 woerterb.²
510 2211 540 2272 p.
563 2209 602 2270 97
609 2203 639 2270 53
662 2191 828 2270 Roediger
848 2189 948 2252 Kuhn
963 2191 1086 2256 Ztschr.
1103 2192 1199 2254 XVII
1217 2195 1297 2272 318).

256 2329 332 2391 Non
360 2337 454 2391 extat
476 2349 497 2390 κ
519 2328 605 2408 apud
628 2325 808 2388 Homerum
839 2327 898 2387 nisi
933 2327 964 2388 in
992 2326 1142 2408 perfectis
1165 2322 1295 2407 quibus-

173 2434 258 2508 dam,
281 2450 366 2511 quae
390 2431 535 2492 derivata
557 2437 630 2490 sunt
653 2448 673 2488 a
694 2427 855 2490 radicibus
885 2429 1064 2490 terminatis
1087 2431 1118 2491 in
1141 2429 1298 2491 vocalem.

91 2539 100 2551 “
174 2534 267 2616 Quae
299 2541 466 2596 enumerat
490 2529 617 2594 Curtius
650 2534 756 2611 (temp.
780 2552 808 2592 u.
832 2532 918 2591 mod.
943 2552 973 2611 p.
1001 2533 1069 2610 199)
1100 2533 1159 2593 sed
1189 2533 1298 2593 omisit

173 2654 344 2716 quaerere,
376 2636 429 2714 qui
463 2635 586 2699 numeri
616 2631 711 2713 primi
741 2640 796 2693 aut
826 2651 909 2710 quae
931 2650 1089 2713 personae
1111 2657 1132 2696 κ
1154 2635 1298 2695 maxime

173 2715 367 2819 reciperent3
390 2737 478 2815 quod
502 2737 610 2798 nescio
633 2754 674 2795 an
696 2735 783 2814 apud
801 2733 982 2796 Homerum
1002 2734 1175 2797 obseruare
1193 2735 1296 2799 liceat.
1362 2750 1365 2754 ’

174 2840 272 2923 Quod
294 2840 404 2920 paucis
427 2837 613 2899 addendum
638 2845 695 2899 est.

257 2976 370 3054 Atque
395 2991 429 3051 17
462 2972 606 3054 perfecta
636 2974 667 3034 in
698 2971 814 3033 Iliade
833 2973 999 3034 instructa
1031 2980 1105 3032 sunt
1127 2970 1233 3034 littera
1255 2995 1287 3047 κ;

173 3086 246 3140 sunt
267 3076 365 3139 haec:

261 3195 415 3277 acan-xa

263 3297 436 3380 τὲ-τλη·κα

258 3399 498 3482 μέ·μβλω-κ-εν

328 3499 366 3561 cs.
386 3497 473 3564 Curt.
490 3497 616 3576 Etym³
630 3518 660 3578 p.
671 3499 712 3558 62
733 3498 805 3560 adn.

262 3597 442 3685 ἕ-στη-κ-εν

261 3703 453 3783 πὲ-φυ-κ-εν

263 3803 445 3869 δέ-δυ·κ-εν

263 3901 457 3990 βε-βλή-κ-ει

459 3208 522 3374 lin
545 3244 627 3306 libro
650 3245 681 3309 Α
704 3245 842 3324 primum
865 3241 982 3322 legitur

864 3549 895 3609 in
918 3547 943 3610 A
965 3547 1104 3627 primum
1128 3545 1244 3627 legitur

488 3802 504 3968 }
527 3855 560 3916 in
581 3856 613 3916 Ε
633 3854 771 3932 primum
794 3851 910 3933 legitur
