2940 4566
647 340 860 403 ,70-

319 487 433 561 i'txw

318 597 337 660 δ
361 600 424 678 796
441 598 598 681 -δέμας
620 593 652 659 δ’
681 591 778 680 ἤικτο
801 597 933 679 γυναικί

440 709 500 762 etc.

318 820 506 884 κέκασσαι

319 945 339 985 τ
362 925 402 983 82
425 915 564 1005 ἀγλαίην
586 923 627 1002 τῇ
650 924 714 984 νῦν
735 943 771 1003 γε
793 916 877 1003 μετὰ
899 917 1029 1003 δμοοῆσι
1051 919 1207 982 κέκασσαι

323 1028 354 1090 Υ
372 1037 410 1103 35
432 1021 579 1108 Ἑρμείας
601 1016 640 1098 δς
661 1022 716 1087 ἐπὶ
738 1021 833 1104 φρεσὶ
855 1023 1073 1106 πευκαλίμῃσι
1094 1021 1262 1086 κέκασται,

277 1142 457 1206 Perfectum
497 1144 728 1217 condicionem,
767 1161 920 1222 praesens
958 1141 1115 1225 καίνομαι
1154 1144 1316 1205 actionem

191 1244 360 1325 significat.
393 1244 491 1326 Quod
514 1247 618 1325 magis
641 1243 779 1306 elucebit
801 1246 866 1322 εἰβ
893 1245 951 1321 158
973 1263 1045 1304 cum
1069 1267 1089 1326 y
1107 1246 1177 1317 282,
1199 1244 1316 1324 quibus

191 1346 270 1408 locis
292 1349 399 1427 primo
421 1346 537 1410 obtutu
560 1348 675 1409 eadem
699 1345 765 1408 sere
786 1348 877 1407 notio
898 1365 970 1407 esse
999 1347 1126 1407 videtur
1147 1367 1316 1427 compara-

191 1449 345 1510 verimus:

319 1555 339 1630 β
366 1553 424 1613 188
446 1552 671 1634 Μαστορίδης·
695 1542 716 1614 δ
741 1547 804 1633 γὰρ
828 1543 900 1623 οἷος
926 1546 1100 1635 ὁμηλικίην
1125 1550 1315 1616 ἐκέκαστο

438 1645 582 1735 ὄρνιθας
602 1656 732 1736 γνῶναι
754 1647 812 1715 καὶ
832 1652 982 1735 ἐναίσιμα
1002 1647 1221 1738 μυθήσασθαι

320 1777 339 1837 γ
363 1757 423 1817 282
449 1750 598 1838 Φρόντιν
618 1748 843 1838 Ὀνητορίδην,
866 1747 904 1828 δς
925 1755 1114 1820 ἐκαίνυτο
1136 1749 1218 1835 φῦλ’

1031 1850 1229 1940 ἀνθρώπων

436 1959 500 2045 νῆα
522 1962 723 2045 κυβέρνῆσαι
745 1955 852 2024 ὁπότε
875 1959 1050 2042 σπέρχοιεν
1072 1953 1192 2024 ἄελλαι.

277 2079 344 2143 Sed
374 2080 470 2162 plane
499 2082 626 2142 diversa
654 2082 744 2142 notio
776 2087 842 2154 est;
873 2077 928 2140 illo
956 2081 1040 2141 enim
1071 2079 1145 2140 loco
1167 2081 1315 2142 condicio

189 2182 396 2263 significatur,
428 2203 511 2263 quae
543 2202 671 2262 semper
701 2181 796 2261 valet,
827 2179 890 2242 hoc
921 2183 1006 2243 actio
1038 2191 1143 2244 certo
1165 2190 1315 2263 tempore

190 2281 305 2364 (ὁπότε
325 2284 499 2367 σπέρχοιεν
521 2277 647 2363 ἄελλαι)
667 2284 821 2345 confecta.
858 2282 950 2364 Quae
969 2284 1184 2363 discrepantia
1201 2304 1314 2346 sensus

190 2408 230 2449 eo
252 2396 400 2468 tempore
420 2406 485 2466 quo
504 2395 648 2460 „scutum
664 2385 825 2448 Heraclis“
844 2387 1060 2466 conscriptum
1080 2395 1138 2464 est,
1156 2388 1220 2447 iam
1239 2386 1313 2448 sub-

190 2488 257 2551 lata
279 2509 350 2550 esse
372 2489 511 2563 videtum
538 2487 654 2567 legitur
676 2489 762 2550 enim
1221 2574 1224 2580 ⁴

318 2611 347 2652 ν.
369 2608 391 2667 4
412 2583 433 2675 ἥ
456 2590 498 2677 ῥα
520 2594 693 2675 γυναικῶν
716 2595 826 2672 φῦλον
848 2590 1004 2656 ἐκαίνυτο
1026 2588 1249 2676 θηλυτεράων

437 2692 519 2758 εἴδει
541 2717 578 2758 τε
601 2695 736 2779 μεγέθει
759 2718 805 2759 τε.

275 2813 431 2876 Futurum
455 2815 539 2876 enim
562 2811 671 2891 fuisse,
694 2821 729 2874 ut
747 2812 909 2874 Homerus
931 2833 992 2894 pro
1015 2811 1171 2879 ἐκαίνυτο
1191 2815 1313 2878 diceret

191 2915 360 2991 ἐκέκαστο,
383 2916 487 2980 elucet
511 2937 553 2978 ex
577 2916 670 2978 simiii
693 2915 767 2976 loco
789 2915 820 2976 N
841 2932 901 2995 431

316 3022 427 3083 πᾶσαν
448 3017 511 3103 γὰρ
534 3015 709 3102 ὁμηλικίην
731 3016 890 3082 ἐκέκαστο

317 3116 430 3185 κάλλει
452 3121 508 3187 καὶ
531 3117 686 3203 ἐργοισιν.

317 3240 504 3304 κέκλιται
1168 3310 1173 3319 ,

318 3349 335 3424 ζ
357 3345 418 3423 308
441 3339 528 3407 ἐνθα
551 3342 586 3406 δὲ
616 3340 745 3426 πατρὸς
776 3341 870 3426 ἐμοῖο
900 3337 1030 3424 θρόνος
1055 3364 1136 3406 ποτι
1163 3344 1312 3408 κέκλιται

1218 3444 1304 3529 αὐτῇ

317 3552 348 3611 Ε
368 3562 430 3628 709
451 3548 549 3632 λίμνη
575 3546 766 3630 κεκλιμένος
788 3546 954 3631 Κηφισίδι.

456 3659 515 3714 ete.

277 3736 408 3849 Proprie
429 3769 533 3832 κλίναι
548 3767 708 3849 significat
726 3770 855 3843 versari,
878 3789 950 3831 esse
967 3771 998 3830 in
1015 3768 1121 3848 aliqua
1138 3789 1180 3843 re,
1203 3768 1311 3850 aliquo

190 3871 275 3951 ioco)
305 3869 413 3934 Sonne
444 3870 550 3932 Kuhn.
582 3871 705 3933 Ztschr.
737 3871 801 3932 XV
833 3892 864 3951 p.
891 3884 946 3949 105
973 3868 1059 3932 Curt.
1082 3871 1204 3950 Etym.³
1231 3874 1310 3951 143).

191 3972 327 4056 Saepius
349 3976 416 4036 veri
438 3973 571 4055 perfecti
594 3975 758 4036 notionem
781 3972 938 4054 praebere
960 3973 1086 4036 videtur
1108 3973 1266 4057 κέκλιμαι.
