2940 4566
610 320 823 382 -43..

287 474 320 535 Ιδ
340 473 402 552 708
425 505 464 517 -
488 471 571 555 μέγα
593 468 758 537 πλούτοιο
776 468 928 557 μεμηλώς

288 575 325 638 Ν
343 587 403 653 297
426 606 469 621 -
489 573 571 657 μέγα
592 573 775 657 πτολέμοιο
796 570 950 659 μεμηλώς
967 605 1009 628 =
1026 577 1098 657 469.

246 673 344 756 Quod
362 676 427 737 iam
442 695 538 757 supra
547 675 799 751 observavimus,
817 675 995 758 perfectum
1004 680 1046 740 ad
1062 680 1282 744 condicionem

159 777 256 842 animi
277 777 444 856 pertinere,
467 786 615 858 tempora
636 776 888 858 reduplicatione
913 799 978 841 non
1000 781 1153 865 instructa
1175 783 1216 846 ad
1239 783 1282 861 id,

159 880 248 962 quod
266 877 367 941 semel
389 877 453 952 fiat,
477 880 509 941 in
531 879 594 942 hoc
612 898 742 959 quoque
760 879 862 942 verbo
883 880 1058 946 observare
1080 882 1160 948 licet.
1200 883 1283 946 Con·

159 981 241 1046 feras
263 982 349 1044 enim
373 983 408 1045 K
427 996 468 1058 92

286 1112 328 1129 --
350 1079 423 1146 έπεὶ
441 1073 484 1146 οδ
500 1103 558 1165 μοι
574 1075 628 1147 ἐπ’
650 1075 771 1165 δαμαοι
789 1078 937 1168 νήδυμος
954 1075 1062 1160 ὕπνος

326 1178 430 1264 ἱζάνει
448 1176 532 1247 άλλδι
548 1183 639 1266 μέλει
660 1179 883 1266 πόλεμοςκαὶ
904 1179 993 1270 κήδε’
1016 1180 1159 1268 Ἀχαιῶν

160 1286 226 1367 (λοι
248 1284 368 1349 bellum
391 1284 468 1348 mihi
491 1305 585 1347 curae
607 1287 668 1361 est)

310 1406 385 1449 cum
406 1408 429 1469 μ
455 1387 515 1449 116

159 1489 289 1572 σχέτλιε
308 1488 366 1552 καὶ
389 1486 429 1573 δὴ
452 1477 551 1552 αδτοι
572 1484 773 1574 πολεμήια”
759 1510 837 1572 εργα
859 1488 1001 1573 μέμηλεν
1024 1488 1156 1570 (bellicis
1178 1491 1281 1565 rebus,

160 1610 243 1671 quae
265 1599 315 1653 est
336 1598 391 1652 tua
413 1598 533 1664 natura,
565 1590 696 1670 studes).
742 1588 835 1671 Quae
864 1590 996 1672 perfecti
1024 1594 1115 1655 notio
1145 1591 1283 1656 luculen-

159 1693 281 1754 tissime
302 1692 491 1773 perspicitur
517 1713 546 1753 ν.
569 1696 599 1756 Β
621 1708 659 1771 23
684 1712 772 1772 seqq.

287 1785 395 1870 εὕδεις
413 1789 546 1876 Ἀτρέος
567 1790 618 1857 υἱὲ
640 1792 824 1876 δοάφρονος
846 1789 1054 1878 ἱπποδάμοιο

286 1890 324 1961 ου’
350 1894 414 1980 χρὴ
435 1891 625 1977 παννύχιον
644 1885 754 1959 εὕδειν
771 1891 987 1978 βουληφόρον
1002 1888 1110 1977 άνδρα

287 1985 316 2080 ᾦ
335 1998 410 2062 λαοί
429 1991 460 2061 τ’
482 1992 747 2079 ἐπιτετράφαται
768 1996 824 2060 καὶ
846 1992 951 2060 τδοοα
971 1995 1122 2080 μέμηλεν.

173 2132 176 2138 ·
246 2097 453 2180 Vituperatur
475 2099 714 2178 Agamemnon,
737 2099 825 2178 quod
854 2118 912 2179 per
933 2106 1037 2161 totam
1059 2107 1188 2162 noctem
1211 2100 1283 2160 dor-

162 2201 240 2264 miat
261 2220 367 2281 neque
389 2199 534 2263 consulat
556 2199 648 2262 saluti
670 2218 802 2261 suorum
825 2194 880 2280 (οὐ
902 2199 1021 2282 μέλει);
1043 2220 1108 2261 non
1130 2221 1204 2263 eum
1226 2220 1283 2282 per

161 2287 264 2365 totam
283 2311 413 2366 noctem
432 2304 573 2365 dormire
588 2301 669 2376 licet,
687 2302 776 2362 cuius
795 2309 852 2376 est,
871 2301 966 2363 tantis
985 2300 1081 2395 rebus
1099 2301 1284 2382 prospicere

161 2393 218 2488 (ᾦ-
220 2400 323 2470 τδοοα
352 2404 494 2489 μέμηλε).
538 2403 666 2485 Quare
697 2403 780 2464 hunc
810 2403 917 2464 locum
949 2403 994 2464 sic
1023 2401 1182 2484 explicare
1208 2422 1283 2484 pos-

161 2524 283 2569 sumus:
306 2500 347 2572 οὐ
368 2506 460 2590 μέλει
483 2522 535 2570 οοι
553 2501 662 2580 πόνος
680 2499 825 2586 Ἀχαιῶν
843 2503 894 2585 (cf.
917 2508 952 2570 X
974 2520 1007 2565 11
1029 2528 1049 2589 η
1068 2501 1112 2569 νύ
1130 2527 1185 2569 τοι
1208 2497 1284 2568 οδτι

161 2608 251 2692 μέλει
282 2605 409 2692 Τρώων
439 2603 595 2688 πόνος))
582 2607 654 2671 επεὶ
684 2597 792 2680 εὕδεις
823 2600 1083 2690 βουληφόρος’
1065 2629 1149 2692 ανηρ
1177 2601 1227 2670 δέν
1255 2630 1274 2688 ᾳ

161 2703 267 2774 τδοοα
286 2709 416 2794 μέμηλε.
461 2709 510 2771 At
497 2718 574 2789 tque
595 2709 664 2771 ad
658 2728 761 2790 ipsam
784 2715 929 2771 naturam
956 2708 1285 2787 consuetudinemque

161 2819 309 2892 spectare
331 2811 525 2893 perfectum,
552 2810 657 2873 elucet
679 2831 722 2872 ex
749 2829 843 2871 versu
866 2831 881 2874 s
903 2810 957 2886 67:
986 2806 1127 2873 εἰνάλιαι
1149 2810 1224 2894 τῆοί
1246 2831 1283 2873 τε

162 2907 329 2978 θαλάσσια
352 2910 430 2996 έργα
450 2912 581 2996 μέμηλε,
602 2920 676 2974 sunt
698 2913 784 2974 enim
805 2930 881 2985 aves
905 2912 1052 2973 marinae.

290 3018 322 3079 Ε
339 3015 405 3091 876
427 3009 613 3098 οὐλομένην
634 3037 655 3096 η
677 3007 708 3076 τ’
734 3007 807 3077 άίὲν
830 3005 957 3097 ἀήσυλα
979 3009 1058 3097 έρχα
1079 3011 1198 3096 μέμηλε
1222 3011 1284 3092 (qui

431 3116 597 3197 depravati
618 3116 664 3177 tui
686 3134 793 3177 mores
815 3114 907 3194 sunt).
931 3175 933 3178 Α
967 3114 973 3122 ”

249 3217 308 3279 Est
331 3226 439 3280 tamen
461 3217 515 3280 ubi
537 3215 675 3297 simplex
702 3213 805 3277 forma
828 3216 945 3276 eodem
975 3214 1040 3276 sere
1063 3234 1158 3276 sensu
1180 3222 1286 3277 utatur

164 3339 201 3382 ac
223 3340 305 3400 quae
327 3320 480 3381 instructa
502 3327 551 3380 est
574 3316 833 3398 reduplicatione3
857 3314 1003 3378 conseras
1016 3318 1109 3378 ¹enim
1130 3340 1153 3400 μ
1180 3315 1238 3377 116

293 3421 418 3503 σχέτλιε
427 3421 483 3484 καὶ
502 3414 534 3484 δ’
551 3409 593 3484 αὖ
603 3442 658 3484 τοι
667 3414 831 3502 πολεμήια
848 3414 928 3501 έργα
944 3417 1086 3500 μέμηλεν
1103 3420 1215 3480 cumB
1224 3433 1240 3495 3
1245 3417 1284 3495 38

291 3518 470 3605 νηπιάχοις
493 3515 543 3596 οἷς
565 3515 640 3585 οδτι
661 3520 751 3604 μέλει
772 3516 936 3604 πολεμήια
954 3515 1032 3600 ’έρχα

164 3643 223 3687 nec
240 3643 306 3686 non
321 3622 375 3686 ubi
398 3643 457 3705 pro
480 3621 623 3704 perfecto
641 3621 819 3703 simplicem
843 3620 980 3682 formam
995 3622 1233 3701 exspectaveris
1252 3629 1286 3682 ut

291 3731 314 3791 I
333 3728 394 3788 228
417 3760 459 3772 -·-
481 3720 572 3807 πάρα
594 3722 657 3808 γάρ
678 3722 853 3807 μενοεικέα
873 3717 982 3786 πολλά
1013 3728 1014 3731 ’

412 3820 574 3891 δαίνυσθ’.
599 3819 670 3889 ἀλλ’
696 3817 735 3890 οὐ
760 3821 875 3898 δαιτὸς
892 3818 1043 3909 ἐπήρατα
1066 3819 1144 3907 έρχα
1166 3822 1285 3906 μέμηλε

412 3928 517 4006 (nunc
539 3927 650 4008 epulas
672 3947 736 3989 non
758 3927 916 4006 curamus)
