2940 4566
649 285 861 374 438·-

319 460 445 550 κινήθη
467 458 496 528 δ’
499 458 604 548 ἀγορὴ
626 461 671 550 φὴ
695 460 827 546 κύματα
848 459 958 545 μακρὰ
981 460 1152 546 θαλάσσης

317 570 348 630 Β
375 580 433 647 395
569 632 571 635 .

479 704 522 713 -
545 663 593 742 ὡς
615 658 673 732 ὅτε
695 669 784 749 κῦμα

320 762 406 851 ἀκτῇ
427 763 482 849 ἐφ’
507 765 617 852 ὑψηλῇ
640 759 698 833 ὅτε
721 762 839 851 κινήσῃ
862 762 977 841 Νότος
998 763 1120 832 ἐλθών.

277 885 410 950 Rectius
433 886 632 950 Buttmanno
656 888 697 950 de
719 887 827 948 nativa
848 884 939 946 huius
967 882 1058 947 verbi
1081 884 1214 948 notione
1236 887 1318 948 iudi-

191 988 277 1051 cavit
299 987 445 1068 Heynius
468 988 520 1069 (an
542 974 655 1069 1393).
690 987 817 1069 Quodsi
840 987 911 1066 quis
933 987 975 1048 ad
994 986 1152 1049 auectna
1174 985 1228 1049 nra
1249 988 1319 1050 Ho-

193 1088 311 1152 merica
332 1087 426 1170 plane
444 1091 615 1153 enodanda
632 1090 684 1151 via
699 1109 738 1152 ac
755 1089 879 1151 ratione
901 1089 1073 1150 accesserit
1093 1090 1322 1168 detexeritque

192 1191 278 1252 unde
303 1190 449 1271 profecta
480 1193 552 1267 sint,
583 1192 725 1271 quidque
756 1190 817 1253 sibi
846 1188 975 1252 finxerit
997 1191 1196 1269 cogitatione
1217 1200 1320 1271 poeta

192 1291 224 1353 in
253 1292 290 1353 iis
318 1291 521 1366 adhibendis,
553 1302 639 1354 certe
673 1292 851 1354 uberrimus
881 1290 1215 1372 praeclarissimusque
1246 1291 1319 1354 fons

192 1394 311 1473 poesis,
343 1403 378 1456 ut
408 1395 454 1456 ita
475 1395 591 1469 dicam,
622 1415 666 1457 ex
696 1392 746 1457 his
777 1391 943 1455 vocabulis
974 1412 1057 1472 quae
1086 1393 1241 1457 tralaticia
1262 1392 1319 1456 illa

192 1501 290 1574 atque
313 1496 417 1559 ieiuna
439 1497 563 1558 ratione
581 1496 727 1558 vertendi
745 1515 805 1575 pro
824 1503 935 1556 nostro
948 1514 1042 1557 sensu
1061 1496 1151 1575 quasi
1169 1494 1319 1576 obrigue-

193 1603 274 1671 runt,
298 1598 479 1658 excutietur
501 1604 598 1676 atque
620 1595 822 1657 redundabit.

319 1812 353 1874 B.
377 1815 484 1878 notio
507 1814 679 1896 perfecti
702 1814 895 1878 intensiva
917 1832 1004 1876 esse
1026 1814 1192 1876 videtur.

279 1965 429 2029 Vidimus
452 1986 556 2047 supra,
579 1966 723 2048 perfecta
745 1968 786 2029 ad
805 1985 957 2048 praesens
979 1975 1108 2047 tempus
1130 1966 1317 2046 spectantia,

197 2069 223 2130 si
255 2067 416 2131 actionem
438 2068 629 2150 significant,
660 2090 742 2150 quae
781 2068 928 2132 sensibus
959 2068 1078 2131 nostris
1112 2069 1318 2149 concipiatur,

197 2171 381 2235 iterativa
410 2191 481 2239 esse
513 2170 578 2234 fere
610 2172 727 2234 omnia.
771 2169 806 2234 Si
829 2191 908 2233 vero
931 2171 1017 2233 actio
1040 2171 1165 2250 inipso
1187 2170 1320 2231 animo

197 2279 309 2337 nostra
331 2274 439 2353 posita
461 2280 518 2347 est,
540 2272 684 2354 perfecta
706 2273 903 2335 intensiva
924 2273 1056 2334 notione
1077 2269 1231 2333 instructa
1249 2289 1321 2333 esse

196 2374 351 2437 videntur.
390 2372 516 2455 Quibus
531 2393 597 2436 non
611 2372 808 2455 significatur
825 2374 983 2437 iteratio
998 2372 1158 2453 quaedam
1175 2371 1319 2444 actionis,

197 2493 295 2554 quam
317 2494 431 2536 omnes
462 2475 561 2561 oculis
591 2483 645 2540 aut
667 2474 796 2538 auribus
823 2476 988 2557 percipere
1010 2474 1145 2555 possint,
1171 2490 1320 2552 quaeque

198 2575 312 2642 iterata
342 2575 449 2638 radice
477 2577 567 2639 verbi
598 2577 863 2649 commodissime
893 2583 1034 2650 notetur3
1064 2575 1122 2637 sed
1152 2574 1322 2639 iteratione

198 2677 306 2757 potior
329 2678 460 2757 quidam
483 2680 602 2758 gradus
625 2679 823 2741 condicionis
845 2678 943 2740 animi
969 2675 1167 2738 describitur.

284 2793 435 2860 Lehrsius
460 2797 608 2877 (quaestt.
632 2799 711 2879 epic.
732 2797 805 2876 289)
828 2797 1012 2878 iterativum
1034 2814 1136 2876 genus
1155 2794 1197 2856 ab
1220 2795 1322 2856 inten-

198 2897 269 2960 sivo
291 2916 356 2960 non
378 2897 472 2979 piane
494 2898 644 2979 seiungit3
678 2917 782 2978 neque
804 2898 915 2979 negari
938 2905 1055 2979 potest,
1087 2898 1245 2959 artissime
1268 2915 1322 2956 co·

199 2999 332 3064 haerere
355 3003 498 3081 quodam
521 3001 622 3063 modo
637 3000 717 3063 haec
735 3018 855 3081 genera
872 3001 955 3062 inter
976 3018 1012 3062 se
1029 3000 1061 3060 in
1075 3018 1191 3080 graeca
1204 2995 1323 3078 lingua,

198 3108 233 3164 ut
247 3102 305 3162 vix
326 3102 453 3181 possint
470 3101 630 3164 interdum
648 3103 793 3164 discerni.
827 3099 1015 3164 Cuiusmodi
1031 3101 1095 3162 iam
1113 3118 1210 3180 supra
1226 3099 1324 3161 nobis

200 3202 340 3265 occurrit
362 3202 548 3283 exemplum
570 3201 736 3282 κεκοπώς,
759 3205 848 3282 quod
878 3209 911 3264 et
942 3203 1088 3265 iterativa
1110 3210 1142 3264 et
1163 3203 1323 3263 intensiva

199 3304 331 3366 notione
353 3304 543 3366 instructum
565 3314 622 3368 est.
666 3307 780 3387 Atque
809 3304 889 3367 infra
911 3303 1061 3366 nonnulla
1082 3301 1225 3385 perfecta
1247 3301 1323 3364 affe·

200 3425 314 3480 remus,
336 3424 419 3486 quae
436 3413 543 3467 utrum
560 3408 708 3470 iterativo
730 3426 826 3470 sensu
848 3426 890 3469 an
912 3407 1071 3468 intensivo
1089 3405 1235 3486 praedita
1249 3405 1323 3479 sint,

200 3509 332 3568 omnino
344 3507 527 3588 disceptare
541 3526 607 3569 non
625 3527 805 3588 possumus.
841 3507 908 3570 Sed
924 3516 959 3570 ut
973 3507 1094 3570 facilius
1112 3507 1323 3588 perspiciatur

199 3608 247 3670 vis
265 3616 363 3687 atque
384 3617 530 3689 potestas
547 3608 682 3690 perfecti
697 3611 843 3690 graeci,
866 3610 946 3672 haec
965 3626 1084 3690 genera
1101 3615 1213 3688 aperte
1227 3608 1323 3668 inter·

198 3709 370 3773 noscimus.
1350 3784 1353 3790 .

286 3809 369 3874 Sunt
391 3812 454 3874 huc
485 3831 523 3874 ea
545 3816 688 3876 maxime
718 3811 862 3892 perfecta
885 3811 1058 3886 referenda,
1089 3830 1171 3890 quae
1193 3818 1322 3872 motus

199 3912 315 3976 animi
338 3912 526 3994 significant.
584 3964 586 3968 ,
