2940 4566
582 311 832 376 .-5-

176 455 276 529 modo
303 470 406 549 possit
436 467 598 553 explicari,
629 455 837 549 άιιθρώιιοιις
859 461 971 550 ἠόργει
998 465 1201 527 scribendum
1224 487 1295 528 esse

175 570 360 649 Brugmano
383 571 517 630 videtur.
563 567 629 632 Sed
652 570 682 629 ni
704 567 840 630 fallimur
862 568 1061 647 Brugmanus
1085 588 1148 629 non
1171 569 1231 630 alia
1253 569 1294 630 de
1391 580 1402 597 ‘⁴

174 692 287 732 caussa
309 674 353 733 ita
375 672 499 745 scribit,
531 691 628 750 quam
651 679 686 731 ut
712 668 874 750 explicare
896 672 999 749 possit
1021 665 1138 753 ἐώργει
1162 671 1192 748 (d
1209 670 1293 750 693).

135 798 137 800 ’
174 773 323 852 Namque
341 793 383 835 ex
402 773 470 841 sola
488 759 591 835 fornia
608 767 742 856 *ridpyst
760 773 890 852 prodire
907 780 1016 852 potest
1034 768 1158 855 ἐώργει.
1183 772 1294 852 Atque

175 874 314 954 explicat
337 876 467 953 quidem
489 871 619 957 ἐώργει,
648 875 704 935 sed
733 893 830 953 quum
853 882 986 953 propter
1008 874 1130 935 hiatum
1152 873 1293 935 illicitum

174 976 281 1055 (5693,
306 985 340 1037 ut
363 997 458 1057 supra
481 979 633 1050 vidimus,
661 975 780 1037 scribat
803 968 895 1056 ἄνδρ’
920 968 1050 1059 ἠόργει,
1080 996 1144 1036 non
1167 973 1293 1059 ἐώργει,

174 1079 242 1158 ipse
264 1097 425 1157 caussam,
448 1088 580 1159 propter
602 1079 699 1158 quam
721 1077 845 1138 videtur
867 1077 1032 1157 scripsisse
1054 1078 1149 1156 §289
1170 1072 1294 1162 ἦόργει,

173 1177 263 1239 tollit.
309 1178 344 1241 Si
366 1200 443 1241 vero
458 1179 578 1241 tollitur
593 1176 710 1262 ἐώργει
733 1178 787 1240 illo
809 1176 881 1239 loco
905 1178 925 1242 d
935 1181 1008 1258 693,
1032 1181 1162 1240 omnino
1186 1198 1204 1239 e
1226 1187 1294 1240 tota

171 1300 288 1359 graeca
309 1279 417 1360 lingua
444 1281 579 1355 tollitur,
611 1301 709 1361 quum
732 1299 796 1340 non
827 1282 1015 1354 inveniatur,
1049 1282 1109 1370 nisi¹
1129 1280 1192 1341 hoc
1214 1280 1293 1344 loc0.

173 1381 225 1442 Ac
248 1382 372 1443 sublata
389 1382 482 1463 plane
502 1403 520 1443 e
542 1385 650 1444 medio
669 1382 773 1443 forma
794 1378 918 1464 ἐώργει,
937 1401 1000 1442 non
1024 1391 1073 1442 est
1096 1402 1150 1443 cur
1171 1377 1294 1467 ἠόργει,

171 1486 259 1561 quod
282 1486 323 1545 ad
347 1483 432 1546 illam
455 1485 678 1566 explicandam
701 1484 811 1546 fictum
834 1492 894 1557 est,
917 1492 1148 1563 anteponamus
1171 1482 1293 1545 formae

173 1581 301 1666 εἰόργει,
326 1605 407 1666 quae
426 1576 596 1666 quominus
616 1588 792 1648 deducatur
814 1607 856 1647 ex
878 1582 940 1669 if&
953 1581 1064 1671 fripyar
1086 1584 1161 1647 nihil
1183 1586 1293 1647 obstat

172 1686 269 1765 (Curi.
283 1688 371 1752 verb.
387 1690 400 1750 l
415 1691 499 1768 118).
546 1688 653 1770 Quam
677 1691 780 1770 ipsam
803 1689 979 1770 pleniorem
1002 1687 1148 1762 formam,
1171 1689 1292 1749 omisso

174 1790 303 1867 quidem
334 1799 521 1869 augment0‚
553 1791 751 1852 scribendam
784 1811 855 1852 esse
887 1790 907 1854 d
922 1793 983 1870 693
1015 1799 1172 1871 putamus.
1218 1788 1292 1870 Quo

173 1888 258 1950 facto
290 1891 450 1953 lenissima
485 1893 661 1977 mutatione
698 1913 827 1955 versum
865 1929 898 1937 -
929 1894 1072 1974 positum
1105 1901 1154 1953 est
1185 1884 1292 1973 ἄνδρα

174 1989 334 2077 (Ηέόργει
357 2014 416 2074 pro
441 1988 548 2076 ἄνδρα
570 1991 687 2078 ἐώργει
709 2031 752 2040 -
774 1996 1030 2068 emendavimus3
1053 2014 1135 2074 quae
1159 1996 1292 2054 mutatio

173 2095 248 2156 nihil
282 2094 381 2156 habet
417 2094 624 2170 difficultatis,
657 2097 682 2156 si
721 2096 971 2169 meminerimus,
1006 2098 1037 2156 in
1074 2096 1292 2174 antiquissima

172 2198 339 2278 scriptura,
373 2216 472 2275 quum
503 2218 521 2260 o
553 2206 585 2258 et
614 2221 642 2260 ώ
669 2207 732 2258 uno
758 2201 784 2262 0
807 2195 1070 2277 significarentur,
1102 2196 1194 2258 facile
1225 2195 1293 2257 fieri

173 2300 328 2378 potuisse,
357 2301 467 2377 utqui
490 2299 717 2361 recentioribus
740 2299 915 2360 scriberent
941 2298 1052 2360 litteris
1076 2299 1216 2358 carmina
1233 2296 1291 2358 ho-

174 2402 291 2460 merica
306 2398 481 2481 falseopro
500 2425 528 2463 ω
546 2411 600 2462 aut
619 2425 647 2464 ro
664 2421 724 2482 pro
744 2424 762 2465 o
781 2409 945 2481 ponerent.
981 2400 1165 2480 Brugmano
1184 2409 1293 2460 autem

153 2511 285 2565 ¹contra
311 2505 534 2565 auctoritatem
564 2505 711 2564 codicum
741 2503 947 2564 scribendum
975 2511 1023 2564 est
1049 2495 1142 2585 ἄνδρ’
1170 2496 1292 2586 ἠόργει.

174 2605 281 2683 Atque
309 2607 431 2684 optime
454 2606 541 2684 quod
565 2605 732 2666 scribimus
756 2592 876 2686 ἄνδρα(
886 2600 1025 2690 Θεόργει
1048 2605 1196 2665 convenit
1219 2623 1291 2663 cum

173 2728 213 2768 eo
254 2708 341 2786 quod
374 2707 559 2769 observavit
594 2706 817 2768 Aristarchus:
855 2710 966 2786 quinto
1003 2709 1086 2787 pede
1123 2725 1233 2767 versus
1264 2707 1290 2766 si

112 2889 114 2896 Ι
173 2810 377 2870 antecederet
399 2808 592 2870 vocabulum
614 2810 645 2869 in
668 2808 814 2871 vocalem
830 2811 1035 2870 terminatum
1058 2828 1121 2868 non
1145 2806 1291 2869 vocalem

173 2913 231 2971 sed
254 2920 462 2989 augmentum
485 2910 575 2972 verbi
597 2912 682 2990 apud
706 2909 887 2972 Homerum
910 2912 1064 2971 omissum
1088 2928 1173 2981 esse,
1204 2909 1291 2969 cuius

173 3015 217 3073 rei
259 3012 306 3072 La
341 3013 481 3073 Rochius
521 3021 684 3075 enumerat
724 3013 874 3093 exempla
911 3013 1015 3092 (hom.
1046 3010 1290 3091 untersuchung.

175 3129 216 3191 74
238 3117 353 3192 seqq.);
376 3123 410 3174 ut
432 3123 543 3176 nostro
566 3113 637 3175 loco
660 3107 768 3197 ἄνδρα
783 3110 832 3197 (f)
848 3111 966 3198 εόργει,
989 3115 1110 3174 dictum
1132 3121 1181 3173 est
1200 3114 1290 3190 a238

174 3214 314 3297 ὸὲιώρεα
327 3213 437 3298 μακρὰ
451 3212 601 3296 πεφύκει.
616 3216 686 3296 Jam
697 3236 776 3277 vero
790 3219 816 3278 si
833 3215 1000 3278 scribimus
1012 3207 1130 3298 ἄνδρα(
1143 3210 1291 3297 hirriunt,

175 3319 285 3395 quinto
308 3337 419 3378 versus
442 3320 516 3397 pedi
540 3338 603 3378 non
630 3316 803 3379 inculcatur
826 3327 861 3379 ut
879 3317 952 3380 fecit
968 3319 1177 3397 Brugmanus
1195 3336 1291 3397 spon-

174 3421 261 3483 deus.
294 3419 391 3500 Quod
412 3428 444 3480 et
459 3418 521 3482 alia
540 3440 651 3482 caussa
668 3429 779 3481 nostro
799 3421 871 3482 loco
890 3422 1019 3481 minime
1037 3420 1287 3480 commendatur.

174 3519 283 3600 Qnum
297 3524 380 3583 enim
394 3530 517 3583 tantam
530 3524 595 3583 vim
608 3542 679 3584 esse
692 3524 798 3584 studio
808 3523 852 3584 illi
866 3522 1057 3603 parechesiS,
1074 3541 1156 3600 quae
1170 3522 1290 3592 dicitur,

173 3625 258 3702 apud
274 3624 454 3686 Homerum
477 3626 677 3686 demonstret
698 3623 876 3686 Ellendtius
897 3624 976 3704 (drei
998 3622 1118 3685 homer.
1141 3621 1290 3686 abhandl.

172 3745 203 3804 p.
217 3742 241 3788 1.
265 3727 385 3804 einiges
408 3726 486 3787 iiber
508 3728 570 3788 den
593 3725 721 3787 einfluss
744 3728 773 3787 d.
797 3735 887 3788 metr.
912 3724 968 3787 aui
987 3727 1017 3786 d.
1041 3724 1204 3804 gebrauch
1226 3743 1291 3784 von

173 3825 380 3888 wortformen
419 3830 482 3889 und
520 3828 745 3890 wortverbind.
776 3829 829 3890 bei
861 3828 1001 3905 Homer)
1034 3835 1068 3887 ut
1098 3824 1290 3906 permultum

171 3930 304 3992 valuerit
333 3932 374 3991 ad
406 3933 592 3992 condendos
624 3952 752 4009 versuS,
784 3933 816 3993 id
848 3932 935 4011 quod
963 3928 1079 4011 probat
1109 3927 1290 3989 clarissimis
