2940 4566
628 269 839 347 „53-

177 439 390 522 perfectorum
400 438 538 501 habere..
559 436 703 521 οἲχομαιι
727 438 792 499 rad.
815 431 1093 521 tcx=oida2rad
1128 430 1290 516 Ftd(Curt.

176 542 297 622 Etym.3
319 543 401 620 461).
435 542 494 603 Est
513 539 647 602 sortasse
672 538 856 621 perfectum,
876 540 964 600 cuius
989 539 1237 613 terminationes,
1257 547 1292 600 ut
1343 627 1347 634 ⁵

177 645 207 705 in
225 646 330 706 activo
348 643 474 724 saepius
493 641 536 716 fit,
555 643 596 703 ad
614 642 790 722 praesentis
808 640 1042 702 similitudinem
1061 638 1290 701 formabantur.

223 833 252 894 3.
270 833 412 910 perfecta
433 849 512 910 quae
535 827 644 890 eadem
667 839 699 891 et
711 829 890 908 praesentis
912 838 943 889 et
960 827 1094 907 perfecti
1114 827 1235 889 notione

606 929 757 993 instructa
778 940 858 992 sucat.

260 1048 384 1112 Curtius
407 1069 504 1129 quum
526 1058 636 1130 ageret
657 1052 698 1111 de
720 1050 849 1112 notione
872 1051 938 1112 veri
961 1048 1100 1131 perfecti,
1118 1068 1199 1128 quae
1218 1069 1291 1131 pro·

175 1150 257 1214 secta
275 1154 315 1214 sit
333 1172 352 1214 a
367 1153 498 1214 notione
517 1153 672 1214 intensiva
690 1161 744 1213 aut
762 1152 906 1214 iterativa
928 1153 1036 1232 (temp.
1055 1173 1083 1212 u.
1099 1154 1186 1214 mod.
1211 1152 1292 1245 176),

173 1255 346 1316 rectissime
364 1255 505 1328 coniecit,
534 1274 605 1316 esse
623 1255 707 1335 apud
722 1254 901 1316 Homerum
917 1263 949 1316 et
967 1254 1123 1315 eiusmodi
1141 1253 1292 1334 perfecta,

174 1375 255 1435 quae
276 1365 345 1418 tum
366 1356 542 1437 praesentis
565 1365 633 1418 tum
658 1356 723 1418 veri
746 1354 877 1436 perfecti
895 1357 1027 1418 notione
1048 1357 1199 1417 instructa
1222 1358 1292 1417 sint.
1335 1414 1338 1426 ,

173 1458 226 1519 Ex
248 1478 312 1538 quo
335 1478 452 1539 genere
483 1460 552 1538 ipse
574 1479 672 1520 unum
702 1458 794 1520 affert
816 1457 1002 1545 exemplum
1032 1458 1291 1541 μέμβλωκεν

174 1561 261 1642 quod
292 1563 323 1621 in
354 1561 499 1622 versibus
531 1561 555 1624 Δ
583 1577 615 1620 11
651 1558 769 1639 (Apoll.
800 1559 863 1621 iex.
890 1562 997 1639 128,7
1027 1559 1292 1643 παρμέμβλωκεν

175 1658 561 1745 συμπάρεστιν>6ῒΩ73
586 1661 1291 1744 9166561115,16119611661111190

174 1772 279 1827 utatur
308 1766 446 1826 notione.
490 1762 549 1826 Cui
579 1765 755 1827 adiicienda
786 1771 858 1825 sunt
880 1762 1021 1844 perfecta
1043 1764 1235 1848 τέτληκα
1257 1766 1289 1829 Α

175 1874 244 1930 228.
270 1880 337 1947 543.
360 1892 380 1932 τ
404 1882 464 1947 347
487 1858 508 1953 ἥ
531 1890 581 1942 τις
604 1863 645 1953 δή
667 1867 803 1950 τέτληκε
825 1862 909 1931 τόσα
927 1867 1044 1948 φρεσὶν
1060 1857 1142 1931 ὅσσα
1168 1861 1195 1930 τ’
1225 1862 1291 1943 ἐγώ

174 1993 248 2052 περ,
266 1970 473 2055 εῒβέβηκα
498 1961 670 2053 09οἭμη
693 1970 790 2033 τίπτε
808 1969 955 2053 βέκηκας,
971 1988 1090 2048 quum
1113 1967 1290 2047 formae,

175 2092 284 2152 quae
310 2096 331 2136 κ
357 2073 508 2135 littera
530 2093 611 2134 non
634 2073 880 2134 instructae
903 2079 1020 2150 sunt,
1043 2073 1217 2152 saepius
1241 2074 1291 2133 ad

178 2195 387 2255 praesens
420 2182 622 2255 spectent
653 2184 780 2255 tempus
812 2174 850 2252 (P
880 2188 941 2253 359
975 2167 1057 2237 ἀλλὰ
1087 2168 1171 2256 μάλῖ
1206 2168 1288 2259 ἀμφ’

175 2271 269 2360 αὐτῷ
297 2272 495 2359 &adduam
521 2285 632 2338 contra
654 2281 684 2340 B
709 2293 768 2355 134

303 2379 398 2444 ἐννέα
420 2376 463 2462 δὴ
484 2374 591 2457 dado?
603 2394 677 2441 ασι
700 2375 778 2452 Διὸς
799 2373 944 2461 μεγάλου
966 2376 1114 2442 ἐνιαυτοί

303 2503 322 2564 γ
345 2495 407 2560 209
424 2516 466 2523 —
484 2483 547 2544 νῦν
571 2479 607 2544 δὲ
627 2478 688 2575 χρὴ
710 2475 901 2563 τετλάμεν
923 2477 1045 2564 ἔμπης).

219 2673 247 2732 4.
263 2670 407 2749 perfecta
429 2689 508 2748 quae
530 2669 731 2732 ziztransitiva
755 2669 843 2748 (med.
859 2672 957 2749 pass.)
981 2679 1111 2732 utuntur
1130 2669 1256 2745 1111110111,

177 2792 271 2851 quum
290 2771 472 2851 praesentia
494 2771 534 2833 ab
564 2770 675 2833 itidem
701 2771 799 2833 verbis
825 2771 957 2834 deducta
984 2771 1150 2834 transitiva
1172 2774 1292 2864 normae

611 2873 761 2935 instructa
782 2879 852 2938 sint.

262 2989 395 3074 Saepius
427 3001 572 3073 tempora
595 2993 681 3055 verbi
711 2993 752 3055 ab
780 2996 894 3056 eadem
920 2993 1059 3055 deducta
1077 2995 1181 3056 radice
1204 2998 1291 3075 apud

176 3093 354 3155 Homerum
376 3114 439 3155 non
462 3095 576 3155 eadem
597 3095 730 3157 notione
751 3104 889 3172 utuntur,
908 3114 1005 3174 quum
1023 3094 1103 3157 haec
1120 3097 1292 3173 transitivo,

177 3193 227 3256 illa
245 3194 443 3256 intransitivo
461 3216 554 3258 sensu
573 3198 718 3277 praedita
737 3197 808 3274 sint,
831 3204 875 3275 ut,
893 3204 963 3258 utra
982 3196 1069 3257 notio
1089 3198 1226 3276 genuina
1244 3199 1292 3274 sit,
1349 3207 1351 3210 ⁴

177 3297 335 3358 interdum
356 3315 421 3356 non
444 3295 531 3359 facile
554 3299 656 3378 possit
679 3298 850 3360 diiudicari.
893 3298 965 3380 Qua
987 3299 1028 3359 de
1050 3319 1084 3359 re
1107 3301 1291 3362 summatim

177 3400 243 3479 agit
276 3396 402 3460 Curtius
432 3397 586 3478 (erlaeut.2
615 3421 644 3481 p.
671 3401 740 3479 136)
772 3401 1034 3480 demonstratque
1065 3401 1291 3464 intransitivam

177 3500 342 3562 notionem
371 3500 559 3580 plerumque
591 3521 662 3563 esse
684 3501 819 3580 primam
842 3502 1075 3581 genuinamque
1104 3505 1292 3583 praesertim

178 3602 207 3662 in
231 3604 267 3663 iis
289 3601 404 3678 verbiS,
427 3622 562 3689 quorum
585 3612 740 3684 tempora,
763 3623 845 3684 quae
867 3606 1066 3666 transitivum
1084 3604 1204 3683 habent
1222 3626 1292 3668 sen·

97 3750 100 3755 .
178 3724 256 3778 sum,
288 3705 496 3767 recentiorem
527 3706 590 3767 iarn
619 3706 795 3786 praebeant
825 3708 973 3788 speciem.
1025 3705 1077 3768 Sic
1108 3708 1199 3768 radix
1230 3724 1291 3772 στα

177 3806 314 3886 primum
336 3805 495 3887 significat
527 3818 646 3883 stare,
676 3829 826 3889 praesens
857 3817 964 3871 autem
991 3809 1177 3870 instructum
1199 3813 1291 3873 redu-

177 3906 356 3987 plicatione:
381 3906 591 3983 collocare,
613 3906 750 3994 πτήσσω
766 3918 879 3984 terreo,
901 3906 1060 3995 πεπτηώς
1077 3922 1199 3975 terrore
1216 3933 1291 3993 pro-
