2940 4566
629 286 841 362 ..36-

302 473 484 524 κεκοποος

300 557 338 617 Ν
354 555 397 616 60
418 543 438 638 ἦ
460 554 516 616 καὶ
535 554 708 636 σκηπανίῳ
725 549 880 637 γαιήοχος
901 551 1102 637 εἰνοσὶγαιος

419 649 601 738 ἀμφοτέρω
623 652 780 730 κεκοποάς
801 658 927 738 πλῆσεν
948 656 1065 738 με’νεος
1086 669 1265 738 κρατεροῖο

302 769 396 836 σ335
422 747 515 830 ὅστις
546 751 576 820 σ’
602 751 686 840 ἀμφὶ
707 753 794 840 κάρη
816 755 972 832 κεκοπὼς
1000 755 1092 839 χερσὶ
1126 761 1298 842 στιβαρῇσι

421 854 577 941 δώματος
594 858 786 941 1ἕκπέμφησι
808 893 849 902 -—

261 976 414 1038 Fortasse
445 978 476 1037 in
507 977 571 1038 hoc
602 975 747 1057 perfecto
784 975 948 1038 observari
971 985 1089 1057 potest,
1129 979 1295 1041 notionem

174 1078 355 1140 iterativam
378 1085 410 1139 et
433 1078 623 1139 intensivam
646 1079 806 1139 interdum
828 1077 987 1139 confundi.
1026 1078 1087 1140 Est
1110 1080 1241 1158 quidem
1264 1082 1296 1142 in

174 1197 308 1243 versuo
327 1193 385 1259 335
411 1180 558 1241 iterativa
580 1181 679 1254 notio,
702 1188 737 1241 ut
759 1178 917 1259 significet
938 1176 1093 1254 κεκοπώς
1111 1178 1181 1244 ἐκπ.
1199 1183 1299 1244 inter

173 1281 312 1360 plagas
338 1281 495 1360 proiicere
522 1279 616 1343 foras.
669 1279 766 1361 Quod
797 1281 882 1342 enim
914 1282 990 1342 dicit
1018 1278 1200 1343 Classenius
1231 1282 1298 1362 (be-

174 1383 303 1446 obacht.
334 1404 365 1463 p.
391 1384 445 1462 99)
476 1391 604 1445 secutus
634 1381 780 1444 scholion
811 1383 864 1460 (ad
892 1389 925 1445 N
947 1382 999 1461 60)
1031 1385 1136 1457 „cuius
1167 1404 1226 1446 nec
1255 1386 1298 1446 de

173 1486 330 1547 varietate
347 1504 408 1546 nec
422 1487 464 1545 de
482 1493 613 1546 auctore
629 1484 736 1545 omnia
751 1482 848 1563 plana
862 1491 895 1545 et
913 1493 1000 1546 certa
1014 1483 1297 1565 sunt“(Spitzner),

173 1587 343 1665 participia
363 1581 519 1659 κεκοπώς
533 1593 565 1646 et
583 1580 761 1668 πεπληγώς
778 1585 887 1646 aoristi
904 1587 1058 1647 instructa
1075 1606 1147 1647 esse
1164 1587 1298 1650 notione

175 1687 236 1766 (La
252 1687 368 1768 Roche
390 1686 477 1748 hom.
500 1686 618 1750 textkr.
643 1707 674 1766 p.
690 1686 762 1765 296)
781 1707 876 1748 nemo
900 1685 966 1747 sere
983 1686 1176 1766 probaverit,
1197 1698 1298 1751 recte·

177 1809 239 1868 que
262 1790 291 1849 ei
313 1789 500 1851 adversatus
524 1796 572 1850 est
587 1788 839 1850 Warschauerus
862 1789 897 1867 (s.
920 1788 970 1866 v.).
1010 1785 1165 1868 Spectare
1187 1792 1297 1870 potius

175 1887 336 1966 πεκοποάς
366 1898 398 1953 et
428 1886 607 1974 πεπληγώς
642 1891 683 1952 ad
715 1911 865 1971 praesens
895 1892 958 1952 iam
987 1891 1113 1971 pridem
1145 1895 1299 1973 exposuit

176 1992 330 2055 Lehrsius
354 1995 501 2073 (quaestt.
525 1993 603 2073 epic.
626 2013 657 2072 p.
681 1993 763 2071 29]).

260 2107 327 2172 Sed
350 2113 382 2172 in
398 2131 492 2172 versu
507 2114 544 2174 N
562 2111 612 2184 60,
634 2109 688 2171 ubi
707 2117 868 2171 narratum
884 2119 941 2183 est,
963 2108 1151 2190 Neptunum
1167 2114 1298 2190 Aiaces

175 2218 209 2273 ut
241 2210 389 2274 fortiores
411 2211 525 2274 fierent
547 2221 580 2273 et
606 2211 825 2284 animosiores
854 2220 983 2291 sceptro
1003 2233 1061 2274 suo
1092 2216 1297 2294 percussisse,

174 2310 328 2387 κεκοπώς
350 2315 478 2394 ἀεμαο
500 2320 624 2375 tantum
647 2312 711 2373 ictu
734 2312 854 2373 dictum
873 2333 944 2374 esse
965 2314 1100 2388 videtur,
1117 2323 1152 2377 ut
1175 2315 1240 2379 sere
1255 2320 1297 2379 ad

175 2415 366 2476 intensivam
389 2416 523 2494 propius
545 2414 680 2476 accedat
707 2415 881 2475 notionem.
925 2413 1071 2476 Perfecto
1094 2419 1178 2478 enim
1201 2419 1298 2498 signi·

174 2514 262 2576 ficari
284 2514 424 2577 voluisse
445 2523 579 2595 poetam
601 2523 744 2596 apparet,
771 2516 834 2577 hoc
861 2535 923 2576 uno
952 2517 1015 2578 ictu
1041 2519 1151 2579 statim
1174 2519 1298 2601 Neptu-

175 2635 261 2692 num,
284 2617 372 2696 quod
396 2616 545 2679 effectum
569 2637 640 2679 esse
663 2616 947 2691 voluitsefsecisse.

202 2724 205 2729 ⁴
260 2734 397 2796 Eodem
412 2737 512 2797 modo
535 2737 738 2797 iudicandum
761 2745 810 2796 est
832 2736 874 2797 de
895 2734 1110 2821 πεπληγώς

304 2857 339 2917 Χ
357 2868 420 2934 497
443 2851 506 2917 τὸν
529 2853 565 2918 δὲ
587 2848 644 2916 καὶ
666 2848 858 2937 ἀμφιθαλὴς
880 2851 916 2916 ἐκ
940 2851 1076 2930 δαιτύος
1097 2854 1297 2937 ἐστυφέλιξε

439 2955 553 3038 χερσὶν
575 2952 751 3037 πεπληγώς
773 2955 828 3019 καὶ
851 2949 1064 3033 ὀνειδείοισιν
1082 2955 1230 3022 ἐνίσσων.

302 3076 333 3135 Β
354 3074 417 3149 264
437 3070 616 3155 πεπληγώς
634 3066 804 3157 ἀγορῆθεν
825 3068 968 3136 ἀεικέσσι
989 3077 1130 3160 πληγῇσι
1152 3076 1202 3157 (Ν
1219 3077 1296 3158 601).

303 3176 334 3236 Ε
355 3175 415 3252 763
441 3167 570 3258 (Ἄρηα)
589 3177 718 3257 λυγροῖς
732 3178 919 3257 πεπληγυῖα
931 3171 1035 3259 μάχης
1060 3175 1294 3263 ἐξαποδίωμαι.

305 3297 326 3336 κ
350 3277 411 3352 238
435 3271 549 3358 ῥ’βάομ
571 3279 757 3360 πεπληγυῖα
779 3306 821 3326 =
844 3293 915 3355 319.

300 3378 398 3456 π456
415 3371 568 3461 (Ἀθήνη)
581 3374 696 3462 ῥάβδῳ
709 3381 897 3461 πεπληγυῖα
905 3374 1007 3442 πάλιν
1017 3381 1135 3462 ποίησε
1142 3381 1294 3463 γέροντα.

259 3493 353 3555 False
375 3496 417 3556 de
446 3496 576 3558 notione
604 3497 693 3558 huius
722 3495 856 3576 perfecti
884 3498 1002 3558 iudicat
1025 3495 1206 3560 Classenius
1230 3499 1296 3579 (be-

173 3592 302 3655 obacht.
325 3615 355 3675 p.
378 3613 421 3676 99
442 3597 543 3676 seqq.)
567 3595 604 3657 cs.
629 3597 731 3659 Lehrs
750 3605 886 3677 quaestt.
902 3601 981 3678 epic.
1006 3615 1076 3678 291.
1108 3598 1296 3662 Iterativa

173 3698 264 3758 notio
283 3699 421 3758 cernitur
438 3700 470 3759 in
488 3699 635 3764 versibus
651 3703 686 3763 X
699 3714 760 3778 497
784 3703 815 3762 B
829 3701 891 3775 264
914 3699 1003 3779 (false
1018 3699 1294 3780 Naegelsbachius

172 3798 331 3871 „anmerk
363 3819 388 3859 z.
419 3798 476 3859 Il.“
508 3800 591 3862 hunc
620 3800 727 3862 locum
759 3801 965 3881 explicat)·E
985 3803 1062 3881 763;
1093 3805 1296 3868 intensiva

172 3921 193 3962 κ
217 3901 286 3977 238.
319 3917 389 3978 319.
415 3922 449 3963 π.
471 3902 543 3977 456,
562 3892 689 3981 'quibus
720 3890 809 3964 locis'
829 3904 945 3964 eodem
977 3905 1078 3965 modo
1109 3910 1295 3990 πεπληγυῖα
