2940 4566
646 339 686 350 -
732 319 749 384 7
795 340 837 348 -.

181 474 268 536 tione
292 475 352 552 (La
374 474 493 549 Roche,
517 474 603 537 hom.
628 474 806 535 untersuch.
829 493 858 553 p.
876 471 917 552 89
936 492 1035 552 seqq.;
1058 472 1191 545 Bekker‚
1216 470 1305 534 honr.

181 573 297 637 blatter
320 574 332 634 Ι
352 592 419 651 144,
442 573 763 636 zahlenverhaltnisse
787 575 828 634 im
852 574 938 635 hom.
957 573 1115 650 versbau).
1160 571 1258 655 Quod
1277 574 1302 633 si

181 698 292 738 verum
315 685 371 750 est,
400 685 511 738 nostro
535 697 662 755 quoque
689 675 761 736 loco
793 678 973 756 spondeum
996 674 1142 754 dactylus
1165 677 1305 755 excepit,

181 786 216 838 ut
242 771 282 838 sit
309 779 529 840 scribendum:

224 876 374 963 τρώκτης
397 873 435 954 ὃς
462 878 503 964 δὴ
526 878 634 943 πολλὰ
657 874 730 943 κάκ’
757 873 964 962 ἀνθρώπους
985 879 1021 957 ἐ(
1033 875 1060 960 f)
1074 879 1107 956 e(
1121 874 1250 963 fiiripyat

181 989 213 1041 et
236 984 415 1061 comparari
439 980 527 1042 licet:

225 1087 255 1146 n
269 1095 325 1161 535
352 1119 388 1128 —
406 1079 538 1156 πάντας
560 1080 622 1165 γὰρ
648 1075 697 1146 ἐπ’
723 1077 932 1165 ἀνθρώπους
955 1083 1114 1148 ἐκέκαστο

222 1197 311 1262 τ395
339 1219 378 1228 —
402 1176 440 1257 ὃς
463 1178 671 1265 ἀνθρώπους
693 1182 861 1247 ἐκέκαστο.

181 1283 330 1346 Ceterum
347 1283 439 1345 affert
459 1283 623 1345 Bekkerus
639 1285 670 1344 in
690 1284 950 1346 adnotationibus
968 1287 1009 1346 ad
1028 1287 1130 1364 5289,
1149 1285 1301 1363 scriptum

179 1407 250 1448 esse
273 1395 304 1447 et
326 1381 471 1468 ἕεώργει,
505 1406 569 1464 quo
600 1385 806 1447 confirmatur
829 1375 1072 1464 quodammodo
1100 1395 1209 1448 nostra
1231 1407 1300 1447 sen·

179 1490 286 1561 tentia,
306 1507 500 1566 quamquam
524 1489 609 1549 unde
632 1487 709 1548 illud
731 1487 873 1550 hauserit
896 1488 1054 1548 nescimus
1077 1507 1181 1566 neque
1202 1487 1301 1548 tradit

181 1590 228 1650 La
251 1589 401 1649 Rochius.
446 1589 498 1650 Ac
529 1581 648 1651 facilius
676 1588 743 1651 fieri
766 1593 884 1670 potuit,
912 1597 946 1650 ut
968 1591 1111 1650 extincto
1135 1591 1304 1668 digamma

179 1690 308 1751 vocales
332 1713 371 1754 εε
395 1692 426 1750 in
444 1711 539 1752 unam
557 1691 689 1771 longam
709 1689 740 1762 R
760 1691 979 1767 conflarentur,
1002 1692 1152 1771 scriptam
1170 1691 1300 1770 quidem

178 1795 209 1853 in
235 1795 367 1871 antiqua
388 1793 541 1872 scriptura
564 1797 602 1870 Ε,
630 1814 689 1873 pro
715 1815 778 1873 qua
800 1795 904 1855 forma
934 1795 964 1855 in
995 1784 1206 1856 recentiores
1230 1814 1301 1875 ειη

178 1894 273 1954 scribi
296 1896 408 1973 potuit.

264 1995 375 2073 Atque
398 1997 460 2056 iam
480 1997 520 2056 de
539 2016 576 2057 ea
594 2017 706 2058 caussa
727 2019 746 2058 a
766 1997 950 2077 Brugmano
974 1997 1188 2069 dissensimus,
1211 1997 1300 2074 quod

178 2095 237 2157 hac
261 2098 453 2158 emendandi
475 2099 597 2158 ratione
618 2100 750 2179 propius
770 2098 884 2160 abesse
903 2098 994 2159 nobis
1018 2099 1163 2159 videmur
1185 2097 1227 2159 ab
1250 2117 1299 2171 eo,

179 2198 266 2275 quod
290 2199 442 2259 traditum
465 2207 521 2260 est.
566 2199 675 2262 Utitur
703 2201 787 2261 enim
810 2200 1022 2279 Brugmanus‚
1051 2219 1091 2259 ne
1117 2200 1144 2260 ei
1167 2196 1300 2271 formae,

178 2307 273 2377 quam
314 2301 534 2373 commendat,
574 2302 749 2380 quidquam
790 2291 914 2375 obstet,
955 2302 1055 2362 tribus
1093 2301 1300 2364 coniecturis:

80 2423 82 2427 ⁷
183 2401 208 2478 Ι)
232 2409 367 2480 utroque
398 2400 469 2461 loco
493 2401 587 2480 <5693
611 2405 702 2482 §289
732 2401 809 2464 salse
841 2426 869 2465 οο
896 2422 998 2482 proo
1029 2403 1182 2482 scriptum
1215 2422 1298 2474 esse;

179 2504 237 2580 2)s
257 2511 393 2582 utroque
412 2501 485 2563 loco
504 2502 581 2565 salse
599 2504 752 2584 scriptum
771 2525 841 2566 esse
860 2524 919 2584 pro
938 2527 973 2587 η;
998 2508 1028 2582 3)
1044 2505 1074 2564 in
1093 2524 1186 2564 versu
1207 2503 1226 2567 d
1236 2504 1297 2581 693

178 2602 360 2664 elidendam
388 2624 459 2664 esse
489 2605 747 2667 terminationem
778 2607 865 2667 vocis
889 2599 1004 2687 ἀνδρα.
1048 2605 1151 2666 Nobis
1175 2605 1300 2666 duabus
1339 2655 1344 2665 .

177 2711 301 2763 tantum
332 2723 413 2783 opus
441 2713 490 2766 est
519 2707 706 2768 coniecturis
737 2707 836 2786 iisque
859 2726 924 2767 non
946 2705 1185 2768 audacioribus:
1221 2707 1247 2784 1)
1271 2727 1298 2766 ω

179 2814 315 2884 utroque
338 2804 410 2866 loco
434 2804 513 2866 false
531 2808 684 2887 scriptum
702 2829 773 2870 esse
788 2829 847 2889 pro
867 2831 901 2882 03
925 2811 953 2878 2)
972 2811 1034 2871 ΕΕ
1054 2803 1201 2890 (sedwa)
1224 2826 1298 2868 con-

135 2931 137 2936 ·
181 2907 291 2967 flatum
314 2926 385 2968 esse
408 2909 441 2968 in'
461 2910 547 2970 ΕΞ
566 2931 601 2971 ει.
647 2908 753 2990 Quam
776 2930 844 2972 rem
866 2910 994 2990 attingit
1016 2907 1142 2970 Curtius
1166 2908 1299 2986 (verbl

180 3029 209 3087 p.
235 3009 303 3085 118)
327 3009 384 3068 sed
407 3029 472 3069 non
499 3010 575 3071 satis
599 3019 731 3091 apparet
754 3032 796 3072 ex
818 3012 926 3092 paucis
957 3011 1024 3072 eius
1046 3010 1165 3083 verbis,
1192 3017 1298 3070 utrum

180 3109 364 3188 Brugmano
387 3108 482 3190 piano
509 3112 698 3173 assentiatur
725 3134 855 3177 necne.
900 3112 948 3173 At
975 3120 1071 3185 certe,
1104 3131 1298 3190 quamquam

181 3232 245 3271 non
269 3218 379 3290 aperte
403 3212 485 3286 dicit,
509 3213 549 3272 de
572 3211 675 3274 forma
698 3210 815 3296 ἐώργει
838 3212 983 3276 dubitare
1006 3214 1130 3274 videtur
1154 3211 1202 3290 (cf.
1225 3212 1297 3286 „be-

180 3311 429 3373 merkenswerth
452 3313 554 3374 bleibt
578 3335 611 3376 es
635 3315 719 3375 doch
742 3316 772 3376 in
794 3316 900 3377 iedem
928 3315 1008 3389 salle,
1040 3316 1113 3376 dass
1141 3316 1199 3374 der
1224 3333 1298 3375 neu-

179 3413 319 3475 ionische
342 3414 458 3475 dialect
481 3416 568 3476 diese
591 3415 674 3477 form
698 3417 754 3478 mit
778 3441 805 3480 ώ
829 3418 986 3479 durchaus
1010 3416 1097 3477 nicht
1116 3414 1228 3494 liebt.“)

180 3684 237 3744 De
267 3684 477 3764 perfectis
510 3704 681 3764 quorum
713 3687 835 3747 radix
866 3686 1020 3766 incipit
1050 3707 1069 3747 a
1102 3681 1299 3768 flittera.
1352 3759 1353 3762 Ἴ

263 3819 527 3881 Enumeravimus
551 3839 659 3880 omnes
673 3818 760 3882 locos
779 3822 865 3901 apud
881 3821 1070 3899 Homerum,
1094 3821 1208 3901 quibus
1227 3841 1298 3901 per·

178 3917 272 3995 fecta,
301 3940 437 4000 quorum
463 3923 555 3982 radix
583 3943 601 3983 a
636 3918 777 4005 flittera
799 3923 918 4004 incipit,
949 3931 1062 3985 extant
1087 3923 1297 4002 vidimusque,
