<?xml version="1.0" encoding="UTF-8"?>
<!DOCTYPE html PUBLIC "-//W3C//DTD XHTML 1.0 Transitional//EN"
    "http://www.w3.org/TR/xhtml1/DTD/xhtml1-transitional.dtd">
<html xmlns="http://www.w3.org/1999/xhtml" xml:lang="en" lang="en">
 <head>
  <title>
</title>
<meta http-equiv="Content-Type" content="text/html;charset=utf-8" />
  <meta name='ocr-system' content='tesseract 3.04.00' />
  <meta name='ocr-capabilities' content='ocr_page ocr_carea ocr_par ocr_line ocrx_word'/>
</head>
<body>
  <div class='ocr_page' id='page_1' title='image "./quaestionesdepe00loebgoog_0031.png"; bbox 0 0 2940 4566; ppageno 0'>
   <div class='ocr_carea' id='block_1_1' title="bbox 626 288 837 351">
    <p class='ocr_par' dir='ltr' id='par_1_1' title="bbox 626 288 837 351">
     <span class='ocr_line' id='line_1_1' title="bbox 626 288 837 351; baseline -0.005 -33"><span class='ocrx_word' id='word_1_1' title='bbox 626 288 837 351; x_wconf 67' lang='lat'>..27-</span> 
     </span>
    </p>
   </div>
   <div class='ocr_carea' id='block_1_2' title="bbox 128 441 1306 3990">
    <p class='ocr_par' dir='ltr' id='par_1_2' title="bbox 128 441 1304 3582">
     <span class='ocr_line' id='line_1_2' title="bbox 171 441 1292 523; baseline 0 -21"><span class='ocrx_word' id='word_1_2' title='bbox 171 444 349 523; x_wconf 89' lang='lat' dir='ltr'>praesentis</span> <span class='ocrx_word' id='word_1_3' title='bbox 372 444 535 523; x_wconf 91' lang='lat' dir='ltr'>accepisse</span> <span class='ocrx_word' id='word_1_4' title='bbox 552 443 716 503; x_wconf 90' lang='lat' dir='ltr'>notionem</span> <span class='ocrx_word' id='word_1_5' title='bbox 737 443 929 505; x_wconf 83' lang='lat' dir='ltr'>existiment.</span> <span class='ocrx_word' id='word_1_6' title='bbox 961 441 1035 522; x_wconf 83' lang='lat' dir='ltr'>Quo</span> <span class='ocrx_word' id='word_1_7' title='bbox 1054 444 1154 504; x_wconf 90' lang='lat' dir='ltr'>modo</span> <span class='ocrx_word' id='word_1_8' title='bbox 1163 452 1292 522; x_wconf 91' lang='lat' dir='ltr'>praeter</span> 
     </span>
     <span class='ocr_line' id='line_1_3' title="bbox 172 542 1293 625; baseline -0.001 -20"><span class='ocrx_word' id='word_1_9' title='bbox 172 544 251 605; x_wconf 90' lang='lat' dir='ltr'>alios</span> <span class='ocrx_word' id='word_1_10' title='bbox 274 544 450 605; x_wconf 90' lang='lat' dir='ltr'>iudicarunt</span> <span class='ocrx_word' id='word_1_11' title='bbox 469 545 675 606; x_wconf 91' lang='lat' dir='ltr'>Hermannus</span> <span class='ocrx_word' id='word_1_12' title='bbox 694 542 891 605; x_wconf 89' lang='lat' dir='ltr'>Schmidtius</span> <span class='ocrx_word' id='word_1_13' title='bbox 914 544 944 604; x_wconf 92' lang='lat' dir='ltr'>in</span> <span class='ocrx_word' id='word_1_14' title='bbox 967 543 1048 605; x_wconf 90' lang='lat' dir='ltr'>libro</span> <span class='ocrx_word' id='word_1_15' title='bbox 1071 543 1156 605; x_wconf 89' lang='lat' dir='ltr'>haud</span> <span class='ocrx_word' id='word_1_16' title='bbox 1176 545 1293 625; x_wconf 91' lang='lat' dir='ltr'>impro-</span> 
     </span>
     <span class='ocr_line' id='line_1_4' title="bbox 172 642 1292 724; baseline 0 -18"><span class='ocrx_word' id='word_1_17' title='bbox 172 645 291 718; x_wconf 92' lang='lat' dir='ltr'>band0,</span> <span class='ocrx_word' id='word_1_18' title='bbox 309 647 362 724; x_wconf 93' lang='lat' dir='ltr'>qui</span> <span class='ocrx_word' id='word_1_19' title='bbox 385 645 576 706; x_wconf 86' lang='lat' dir='ltr'><strong>inscribitur:</strong></span> <span class='ocrx_word' id='word_1_20' title='bbox 606 645 664 707; x_wconf 92' lang='lat' dir='ltr'>der</span> <span class='ocrx_word' id='word_1_21' title='bbox 686 642 804 724; x_wconf 87' lang='lat' dir='ltr'>griech.</span> <span class='ocrx_word' id='word_1_22' title='bbox 833 665 899 706; x_wconf 89' lang='lat' dir='ltr'>aor.</span> <span class='ocrx_word' id='word_1_23' title='bbox 922 645 987 706; x_wconf 94' lang='lat' dir='ltr'>und</span> <span class='ocrx_word' id='word_1_24' title='bbox 1009 646 1077 707; x_wconf 92' lang='lat' dir='ltr'>sein</span> <span class='ocrx_word' id='word_1_25' title='bbox 1098 645 1292 708; x_wconf 90' lang='lat' dir='ltr'>verhaeltnis</span> 
     </span>
     <span class='ocr_line' id='line_1_5' title="bbox 163 744 1293 831; baseline 0 -24"><span class='ocrx_word' id='word_1_26' title='bbox 163 768 210 807; x_wconf 67' lang='lat' dir='ltr'>,zu</span> <span class='ocrx_word' id='word_1_27' title='bbox 239 747 268 807; x_wconf 89' lang='lat' dir='ltr'>d.</span> <span class='ocrx_word' id='word_1_28' title='bbox 295 745 450 826; x_wconf 88' lang='lat' dir='ltr'>uebrigen</span> <span class='ocrx_word' id='word_1_29' title='bbox 482 745 668 808; x_wconf 86' lang='lat' dir='ltr'>zeitiormen</span> <span class='ocrx_word' id='word_1_30' title='bbox 699 745 771 808; x_wconf 80' lang='lat' dir='ltr'>Hal</span> <span class='ocrx_word' id='word_1_31' title='bbox 801 749 895 826; x_wconf 82' lang='lat'>1845,</span> <span class='ocrx_word' id='word_1_32' title='bbox 928 766 959 827; x_wconf 89' lang='lat' dir='ltr'>p.</span> <span class='ocrx_word' id='word_1_33' title='bbox 987 764 1017 823; x_wconf 84' lang='lat'>4,</span> <span class='ocrx_word' id='word_1_34' title='bbox 1048 744 1293 831; x_wconf 87' lang='lat' dir='ltr'>Schmalieldius</span> 
     </span>
     <span class='ocr_line' id='line_1_6' title="bbox 175 846 1293 928; baseline 0.001 -20"><span class='ocrx_word' id='word_1_35' title='bbox 175 850 306 927; x_wconf 83' lang='lat' dir='ltr'>(syntax</span> <span class='ocrx_word' id='word_1_36' title='bbox 338 848 367 908; x_wconf 95' lang='lat' dir='ltr'>d.</span> <span class='ocrx_word' id='word_1_37' title='bbox 402 846 519 926; x_wconf 73' lang='lat' dir='ltr'>griech.</span> <span class='ocrx_word' id='word_1_38' title='bbox 551 848 639 910; x_wconf 87' lang='lat' dir='ltr'>verb.</span> <span class='ocrx_word' id='word_1_39' title='bbox 671 848 790 910; x_wconf 90' lang='lat' dir='ltr'>Eisleb.</span> <span class='ocrx_word' id='word_1_40' title='bbox 826 848 914 925; x_wconf 88' lang='lat'>1846,</span> <span class='ocrx_word' id='word_1_41' title='bbox 945 868 976 928; x_wconf 86' lang='lat' dir='ltr'>p.</span> <span class='ocrx_word' id='word_1_42' title='bbox 1011 849 1081 928; x_wconf 83' lang='lat'>144)</span> <span class='ocrx_word' id='word_1_43' title='bbox 1113 847 1293 911; x_wconf 88' lang='lat' dir='ltr'>Classenius</span> 
     </span>
     <span class='ocr_line' id='line_1_7' title="bbox 175 946 1295 1030; baseline 0.003 -21"><span class='ocrx_word' id='word_1_44' title='bbox 175 947 358 1028; x_wconf 72' lang='lat' dir='ltr'>(beobacht.</span> <span class='ocrx_word' id='word_1_45' title='bbox 374 949 473 1011; x_wconf 91' lang='lat' dir='ltr'>ueber</span> <span class='ocrx_word' id='word_1_46' title='bbox 488 949 518 1010; x_wconf 88' lang='lat' dir='ltr'>d.</span> <span class='ocrx_word' id='word_1_47' title='bbox 534 948 620 1011; x_wconf 94' lang='lat' dir='ltr'>hom.</span> <span class='ocrx_word' id='word_1_48' title='bbox 636 948 918 1030; x_wconf 86' lang='lat' dir='ltr'>sprachgebrauch</span> <span class='ocrx_word' id='word_1_49' title='bbox 932 968 962 1030; x_wconf 93' lang='lat' dir='ltr'>p.</span> <span class='ocrx_word' id='word_1_50' title='bbox 977 964 1018 1030; x_wconf 88' lang='lat'>97</span> <span class='ocrx_word' id='word_1_51' title='bbox 1035 946 1135 1030; x_wconf 85' lang='lat' dir='ltr'>seqq.)</span> <span class='ocrx_word' id='word_1_52' title='bbox 1145 950 1295 1013; x_wconf 91' lang='lat' dir='ltr'>Kuehne-</span> 
     </span>
     <span class='ocr_line' id='line_1_8' title="bbox 176 1048 1294 1132; baseline 0.003 -21"><span class='ocrx_word' id='word_1_53' title='bbox 176 1071 228 1111; x_wconf 90' lang='lat' dir='ltr'>rus</span> <span class='ocrx_word' id='word_1_54' title='bbox 252 1052 309 1130; x_wconf 85' lang='lat' dir='ltr'>(gr.</span> <span class='ocrx_word' id='word_1_55' title='bbox 328 1051 379 1114; x_wconf 85' lang='lat' dir='ltr'>II.2</span> <span class='ocrx_word' id='word_1_56' title='bbox 397 1071 427 1131; x_wconf 93' lang='lat' dir='ltr'>p.</span> <span class='ocrx_word' id='word_1_57' title='bbox 451 1052 530 1130; x_wconf 85' lang='lat'>128).</span> <span class='ocrx_word' id='word_1_58' title='bbox 570 1049 637 1114; x_wconf 87' lang='lat' dir='ltr'>Sed</span> <span class='ocrx_word' id='word_1_59' title='bbox 656 1052 719 1112; x_wconf 90' lang='lat' dir='ltr'>iam</span> <span class='ocrx_word' id='word_1_60' title='bbox 738 1052 864 1132; x_wconf 86' lang='lat' dir='ltr'><strong>pridem</strong></span> <span class='ocrx_word' id='word_1_61' title='bbox 884 1048 1011 1114; x_wconf 88' lang='lat' dir='ltr'>Curtius</span> <span class='ocrx_word' id='word_1_62' title='bbox 1031 1053 1141 1132; x_wconf 84' lang='lat' dir='ltr'>(temp.</span> <span class='ocrx_word' id='word_1_63' title='bbox 1160 1075 1188 1114; x_wconf 93' lang='lat' dir='ltr'>u.</span> <span class='ocrx_word' id='word_1_64' title='bbox 1207 1053 1294 1114; x_wconf 93' lang='lat' dir='ltr'>mod.</span> 
     </span>
     <span class='ocr_line' id='line_1_9' title="bbox 173 1153 1295 1237; baseline 0.002 -23"><span class='ocrx_word' id='word_1_65' title='bbox 173 1174 205 1234; x_wconf 91' lang='lat' dir='ltr'>p.</span> <span class='ocrx_word' id='word_1_66' title='bbox 233 1154 302 1232; x_wconf 85' lang='lat'>172)</span> <span class='ocrx_word' id='word_1_67' title='bbox 327 1155 485 1234; x_wconf 78' lang='lat' dir='ltr'>exposuit,</span> <span class='ocrx_word' id='word_1_68' title='bbox 508 1154 539 1214; x_wconf 93' lang='lat' dir='ltr'>in</span> <span class='ocrx_word' id='word_1_69' title='bbox 562 1154 719 1215; x_wconf 94' lang='lat' dir='ltr'>nonnullis</span> <span class='ocrx_word' id='word_1_70' title='bbox 746 1153 896 1234; x_wconf 83' lang='lat' dir='ltr'>perfectis</span> <span class='ocrx_word' id='word_1_71' title='bbox 923 1163 957 1215; x_wconf 92' lang='lat' dir='ltr'>ut</span> <span class='ocrx_word' id='word_1_72' title='bbox 980 1154 1192 1237; x_wconf 65' lang='lat' dir='ltr'>xexcrypur=</span> <span class='ocrx_word' id='word_1_73' title='bbox 1207 1175 1295 1217; x_wconf 90' lang='lat' dir='ltr'>com-</span> 
     </span>
     <span class='ocr_line' id='line_1_10' title="bbox 176 1254 1296 1335; baseline 0.004 -21"><span class='ocrx_word' id='word_1_74' title='bbox 176 1255 286 1335; x_wconf 88' lang='lat' dir='ltr'>paravi</span> <span class='ocrx_word' id='word_1_75' title='bbox 316 1255 334 1314; x_wconf 86' lang='lat' dir='ltr'>i.</span> <span class='ocrx_word' id='word_1_76' title='bbox 361 1275 387 1315; x_wconf 91' lang='lat' dir='ltr'>e.</span> <span class='ocrx_word' id='word_1_77' title='bbox 415 1254 569 1335; x_wconf 87' lang='lat' dir='ltr'>possideo</span> <span class='ocrx_word' id='word_1_78' title='bbox 601 1275 698 1334; x_wconf 91' lang='lat' dir='ltr'>quum</span> <span class='ocrx_word' id='word_1_79' title='bbox 727 1263 815 1316; x_wconf 90' lang='lat' dir='ltr'>certe</span> <span class='ocrx_word' id='word_1_80' title='bbox 845 1257 1024 1335; x_wconf 91' lang='lat' dir='ltr'>praesentis</span> <span class='ocrx_word' id='word_1_81' title='bbox 1057 1258 1222 1318; x_wconf 92' lang='lat' dir='ltr'>notionem</span> <span class='ocrx_word' id='word_1_82' title='bbox 1254 1277 1296 1318; x_wconf 87' lang='lat' dir='ltr'>ex</span> 
     </span>
     <span class='ocr_line' id='line_1_11' title="bbox 176 1355 1296 1437; baseline 0.001 -20"><span class='ocrx_word' id='word_1_83' title='bbox 176 1358 307 1417; x_wconf 91' lang='lat' dir='ltr'>notione</span> <span class='ocrx_word' id='word_1_84' title='bbox 336 1355 500 1435; x_wconf 83' lang='lat' dir='ltr'>perfectae</span> <span class='ocrx_word' id='word_1_85' title='bbox 527 1357 661 1418; x_wconf 81' lang='lat' dir='ltr'>actionis</span> <span class='ocrx_word' id='word_1_86' title='bbox 690 1356 848 1436; x_wconf 88' lang='lat' dir='ltr'>prodiisse</span> <span class='ocrx_word' id='word_1_87' title='bbox 879 1358 1093 1418; x_wconf 87' lang='lat' dir='ltr'>demonstrari</span> <span class='ocrx_word' id='word_1_88' title='bbox 1123 1360 1235 1437; x_wconf 82' lang='lat' dir='ltr'>possit,</span> <span class='ocrx_word' id='word_1_89' title='bbox 1267 1359 1296 1418; x_wconf 94' lang='lat' dir='ltr'>in</span> 
     </span>
     <span class='ocr_line' id='line_1_12' title="bbox 176 1457 1298 1541; baseline 0.003 -23"><span class='ocrx_word' id='word_1_90' title='bbox 176 1457 245 1518; x_wconf 90' lang='lat' dir='ltr'>aliis</span> <span class='ocrx_word' id='word_1_91' title='bbox 268 1458 300 1518; x_wconf 96' lang='lat' dir='ltr'>id</span> <span class='ocrx_word' id='word_1_92' title='bbox 318 1457 403 1519; x_wconf 92' lang='lat' dir='ltr'>nullo</span> <span class='ocrx_word' id='word_1_93' title='bbox 424 1459 524 1518; x_wconf 91' lang='lat' dir='ltr'>modo</span> <span class='ocrx_word' id='word_1_94' title='bbox 542 1478 640 1538; x_wconf 93' lang='lat' dir='ltr'>posse</span> <span class='ocrx_word' id='word_1_95' title='bbox 657 1467 692 1519; x_wconf 92' lang='lat' dir='ltr'>ut</span> <span class='ocrx_word' id='word_1_96' title='bbox 709 1458 741 1518; x_wconf 91' lang='lat' dir='ltr'>in</span> <span class='ocrx_word' id='word_1_97' title='bbox 758 1459 902 1541; x_wconf 81' lang='grc' dir='ltr'><em>κέκραγα</em></span> <span class='ocrx_word' id='word_1_98' title='bbox 916 1459 1058 1541; x_wconf 74' lang='grc' dir='ltr'><em>κέκληγα</em></span> <span class='ocrx_word' id='word_1_99' title='bbox 1076 1458 1113 1520; x_wconf 90' lang='grc'>11.</span> <span class='ocrx_word' id='word_1_100' title='bbox 1133 1458 1298 1522; x_wconf 89' lang='lat' dir='ltr'>Similiter·</span> 
     </span>
     <span class='ocr_line' id='line_1_13' title="bbox 179 1559 1295 1643; baseline 0.002 -22"><span class='ocrx_word' id='word_1_101' title='bbox 179 1579 241 1638; x_wconf 91' lang='lat' dir='ltr'>que</span> <span class='ocrx_word' id='word_1_102' title='bbox 262 1560 380 1621; x_wconf 91' lang='lat' dir='ltr'>iudicat</span> <span class='ocrx_word' id='word_1_103' title='bbox 403 1559 443 1620; x_wconf 91' lang='lat' dir='ltr'>H.</span> <span class='ocrx_word' id='word_1_104' title='bbox 467 1559 626 1622; x_wconf 92' lang='lat' dir='ltr'>Weberus</span> <span class='ocrx_word' id='word_1_105' title='bbox 644 1563 754 1640; x_wconf 86' lang='lat' dir='ltr'>(etym.</span> <span class='ocrx_word' id='word_1_106' title='bbox 774 1559 955 1622; x_wconf 88' lang='lat' dir='ltr'>untersuch.</span> <span class='ocrx_word' id='word_1_107' title='bbox 974 1561 996 1622; x_wconf 90' lang='lat' dir='ltr'>l.</span> <span class='ocrx_word' id='word_1_108' title='bbox 1012 1561 1084 1622; x_wconf 91' lang='lat' dir='ltr'>Hal.</span> <span class='ocrx_word' id='word_1_109' title='bbox 1108 1564 1195 1636; x_wconf 85' lang='lat'>1861,</span> <span class='ocrx_word' id='word_1_110' title='bbox 1210 1583 1240 1643; x_wconf 91' lang='lat' dir='ltr'>p.</span> <span class='ocrx_word' id='word_1_111' title='bbox 1256 1564 1295 1640; x_wconf 85' lang='lat'>63</span> 
     </span>
     <span class='ocr_line' id='line_1_14' title="bbox 128 1661 1298 1744; baseline 0.002 -22"><span class='ocrx_word' id='word_1_112' title='bbox 128 1726 134 1734; x_wconf 71' lang='lat'>.</span> <span class='ocrx_word' id='word_1_113' title='bbox 178 1663 250 1722; x_wconf 90' lang='lat' dir='ltr'>adn.</span> <span class='ocrx_word' id='word_1_114' title='bbox 275 1663 335 1740; x_wconf 85' lang='lat'>27).</span> <span class='ocrx_word' id='word_1_115' title='bbox 380 1661 446 1722; x_wconf 91' lang='lat' dir='ltr'>lam</span> <span class='ocrx_word' id='word_1_116' title='bbox 470 1670 505 1723; x_wconf 92' lang='lat' dir='ltr'>ut</span> <span class='ocrx_word' id='word_1_117' title='bbox 528 1682 610 1742; x_wconf 89' lang='lat' dir='ltr'>quae</span> <span class='ocrx_word' id='word_1_118' title='bbox 637 1665 678 1724; x_wconf 90' lang='lat' dir='ltr'>sit</span> <span class='ocrx_word' id='word_1_119' title='bbox 700 1664 850 1743; x_wconf 90' lang='lat' dir='ltr'>primaria</span> <span class='ocrx_word' id='word_1_120' title='bbox 874 1672 988 1724; x_wconf 91' lang='lat' dir='ltr'>natura</span> <span class='ocrx_word' id='word_1_121' title='bbox 1010 1663 1142 1744; x_wconf 87' lang='lat' dir='ltr'>perfecti</span> <span class='ocrx_word' id='word_1_122' title='bbox 1166 1665 1298 1726; x_wconf 93' lang='lat' dir='ltr'>demon-</span> 
     </span>
     <span class='ocr_line' id='line_1_15' title="bbox 179 1762 1299 1847; baseline 0.002 -22"><span class='ocrx_word' id='word_1_123' title='bbox 179 1772 297 1826; x_wconf 89' lang='lat' dir='ltr'>straret</span> <span class='ocrx_word' id='word_1_124' title='bbox 326 1762 461 1838; x_wconf 72' lang='lat' dir='ltr'>Curtius</span> <span class='ocrx_word' id='word_1_125' title='bbox 489 1766 605 1843; x_wconf 93' lang='lat' dir='ltr'>quique</span> <span class='ocrx_word' id='word_1_126' title='bbox 632 1764 750 1826; x_wconf 83' lang='lat' dir='ltr'>factum</span> <span class='ocrx_word' id='word_1_127' title='bbox 779 1774 873 1839; x_wconf 90' lang='lat' dir='ltr'>esset,</span> <span class='ocrx_word' id='word_1_128' title='bbox 902 1774 936 1826; x_wconf 92' lang='lat' dir='ltr'>ut</span> <span class='ocrx_word' id='word_1_129' title='bbox 965 1766 1132 1845; x_wconf 81' lang='lat' dir='ltr'>paullatim</span> <span class='ocrx_word' id='word_1_130' title='bbox 1164 1767 1207 1827; x_wconf 90' lang='lat' dir='ltr'>ad</span> <span class='ocrx_word' id='word_1_131' title='bbox 1229 1787 1299 1847; x_wconf 89' lang='lat' dir='ltr'>per-</span> 
     </span>
     <span class='ocr_line' id='line_1_16' title="bbox 179 1865 1300 1948; baseline 0.003 -22"><span class='ocrx_word' id='word_1_132' title='bbox 179 1866 298 1928; x_wconf 80' lang='lat' dir='ltr'>fectum</span> <span class='ocrx_word' id='word_1_133' title='bbox 317 1874 479 1945; x_wconf 78' lang='lat' dir='ltr'>spectaret</span> <span class='ocrx_word' id='word_1_134' title='bbox 496 1875 633 1946; x_wconf 91' lang='lat' dir='ltr'>tempus,</span> <span class='ocrx_word' id='word_1_135' title='bbox 652 1865 734 1927; x_wconf 90' lang='lat' dir='ltr'>hanc</span> <span class='ocrx_word' id='word_1_136' title='bbox 752 1865 858 1927; x_wconf 89' lang='lat' dir='ltr'>attulit</span> <span class='ocrx_word' id='word_1_137' title='bbox 876 1868 1066 1928; x_wconf 80' lang='lat' dir='ltr'>sententiam</span> <span class='ocrx_word' id='word_1_138' title='bbox 1082 1867 1210 1948; x_wconf 90' lang='lat' dir='ltr'>Boppii:</span> <span class='ocrx_word' id='word_1_139' title='bbox 1229 1870 1300 1942; x_wconf 85' lang='lat' dir='ltr'>„die</span> 
     </span>
     <span class='ocr_line' id='line_1_17' title="bbox 182 1967 1299 2049; baseline 0.002 -20"><span class='ocrx_word' id='word_1_140' title='bbox 182 1967 512 2049; x_wconf 90' lang='lat' dir='ltr'>reduplicationssilbe</span> <span class='ocrx_word' id='word_1_141' title='bbox 530 1969 730 2048; x_wconf 87' lang='lat' dir='ltr'>begruendet</span> <span class='ocrx_word' id='word_1_142' title='bbox 752 1967 841 2029; x_wconf 94' lang='lat' dir='ltr'>bloss</span> <span class='ocrx_word' id='word_1_143' title='bbox 865 1969 934 2029; x_wconf 93' lang='lat' dir='ltr'>eine</span> <span class='ocrx_word' id='word_1_144' title='bbox 956 1969 1142 2048; x_wconf 83' lang='lat' dir='ltr'>steigerung</span> <span class='ocrx_word' id='word_1_145' title='bbox 1165 1971 1222 2031; x_wconf 93' lang='lat' dir='ltr'>des</span> <span class='ocrx_word' id='word_1_146' title='bbox 1245 1970 1299 2031; x_wconf 91' lang='lat' dir='ltr'>be·</span> 
     </span>
     <span class='ocr_line' id='line_1_18' title="bbox 179 2069 1299 2152; baseline 0.003 -22"><span class='ocrx_word' id='word_1_147' title='bbox 179 2069 277 2148; x_wconf 70' lang='lat' dir='ltr'>griffs</span> <span class='ocrx_word' id='word_1_148' title='bbox 293 2069 384 2148; x_wconf 83' lang='lat' dir='ltr'>giebt</span> <span class='ocrx_word' id='word_1_149' title='bbox 402 2071 460 2132; x_wconf 91' lang='lat' dir='ltr'>der</span> <span class='ocrx_word' id='word_1_150' title='bbox 477 2069 592 2131; x_wconf 88' lang='lat' dir='ltr'>wurzel</span> <span class='ocrx_word' id='word_1_151' title='bbox 611 2071 702 2132; x_wconf 92' lang='lat' dir='ltr'>einen</span> <span class='ocrx_word' id='word_1_152' title='bbox 718 2070 911 2146; x_wconf 86' lang='lat' dir='ltr'>nachdruck,</span> <span class='ocrx_word' id='word_1_153' title='bbox 931 2071 988 2131; x_wconf 91' lang='lat' dir='ltr'>der</span> <span class='ocrx_word' id='word_1_154' title='bbox 1003 2091 1067 2132; x_wconf 87' lang='lat' dir='ltr'>von</span> <span class='ocrx_word' id='word_1_155' title='bbox 1085 2073 1159 2132; x_wconf 94' lang='lat' dir='ltr'>dem</span> <span class='ocrx_word' id='word_1_156' title='bbox 1171 2071 1299 2152; x_wconf 88' lang='lat' dir='ltr'>sprach·</span> 
     </span>
     <span class='ocr_line' id='line_1_19' title="bbox 179 2170 1301 2254; baseline -0.001 -21"><span class='ocrx_word' id='word_1_157' title='bbox 179 2172 263 2251; x_wconf 86' lang='lat' dir='ltr'>geist</span> <span class='ocrx_word' id='word_1_158' title='bbox 289 2170 334 2232; x_wconf 90' lang='lat' dir='ltr'>als</span> <span class='ocrx_word' id='word_1_159' title='bbox 363 2180 460 2252; x_wconf 91' lang='lat' dir='ltr'>typus</span> <span class='ocrx_word' id='word_1_160' title='bbox 488 2173 545 2233; x_wconf 93' lang='lat' dir='ltr'>des</span> <span class='ocrx_word' id='word_1_161' title='bbox 575 2173 803 2251; x_wconf 83' lang='lat' dir='ltr'>gewordenen,</span> <span class='ocrx_word' id='word_1_162' title='bbox 830 2170 1033 2234; x_wconf 90' lang='lat' dir='ltr'>vollendeten</span> <span class='ocrx_word' id='word_1_163' title='bbox 1061 2173 1104 2233; x_wconf 93' lang='lat' dir='ltr'>im</span> <span class='ocrx_word' id='word_1_164' title='bbox 1127 2184 1301 2254; x_wconf 85' lang='lat' dir='ltr'>gegensatz</span> 
     </span>
     <span class='ocr_line' id='line_1_20' title="bbox 180 2252 1300 2355; baseline 0.003 -22"><span class='ocrx_word' id='word_1_165' title='bbox 180 2294 217 2334; x_wconf 90' lang='lat' dir='ltr'>zu</span> <span class='ocrx_word' id='word_1_166' title='bbox 242 2275 316 2335; x_wconf 93' lang='lat' dir='ltr'>dem</span> <span class='ocrx_word' id='word_1_167' title='bbox 339 2281 403 2334; x_wconf 88' lang='lat' dir='ltr'>erst</span> <span class='ocrx_word' id='word_1_168' title='bbox 425 2274 467 2333; x_wconf 93' lang='lat' dir='ltr'>im</span> <span class='ocrx_word' id='word_1_169' title='bbox 492 2275 620 2338; x_wconf 76' lang='lat' dir='ltr'>werden</span> <span class='ocrx_word' id='word_1_170' title='bbox 644 2272 849 2353; x_wconf 85' lang='lat' dir='ltr'>begriffenen,</span> <span class='ocrx_word' id='word_1_171' title='bbox 872 2273 955 2335; x_wconf 90' lang='lat' dir='ltr'>noch</span> <span class='ocrx_word' id='word_1_172' title='bbox 971 2274 1056 2336; x_wconf 87' lang='lat' dir='ltr'>nicht</span> <span class='ocrx_word' id='word_1_173' title='bbox 1073 2295 1145 2336; x_wconf 87' lang='lat' dir='ltr'>zum</span> <span class='ocrx_word' id='word_1_174' title='bbox 1168 2252 1226 2336; x_wconf 73' lang='lat' dir='ltr'>ziel</span> <span class='ocrx_word' id='word_1_175' title='bbox 1244 2295 1300 2355; x_wconf 85' lang='lat' dir='ltr'>ge-</span> 
     </span>
     <span class='ocr_line' id='line_1_21' title="bbox 180 2373 1300 2456; baseline 0.002 -21"><span class='ocrx_word' id='word_1_176' title='bbox 180 2375 310 2454; x_wconf 85' lang='lat' dir='ltr'>langten</span> <span class='ocrx_word' id='word_1_177' title='bbox 340 2373 514 2454; x_wconf 81' lang='lat' dir='ltr'>ausgeiasst</span> <span class='ocrx_word' id='word_1_178' title='bbox 544 2376 654 2436; x_wconf 82' lang='lat' dir='ltr'>wird‘.</span> <span class='ocrx_word' id='word_1_179' title='bbox 709 2374 835 2456; x_wconf 85' lang='lat' dir='ltr'>Quibus</span> <span class='ocrx_word' id='word_1_180' title='bbox 865 2376 971 2438; x_wconf 88' lang='lat' dir='ltr'>verbis</span> <span class='ocrx_word' id='word_1_181' title='bbox 1002 2375 1070 2438; x_wconf 91' lang='lat' dir='ltr'>luce</span> <span class='ocrx_word' id='word_1_182' title='bbox 1101 2376 1214 2438; x_wconf 87' lang='lat' dir='ltr'>clarius</span> <span class='ocrx_word' id='word_1_183' title='bbox 1246 2396 1300 2437; x_wconf 88' lang='lat' dir='ltr'>ex-</span> 
     </span>
     <span class='ocr_line' id='line_1_22' title="bbox 181 2475 1301 2559; baseline 0.002 -21"><span class='ocrx_word' id='word_1_184' title='bbox 181 2496 328 2557; x_wconf 89' lang='lat' dir='ltr'>pressum</span> <span class='ocrx_word' id='word_1_185' title='bbox 346 2485 402 2551; x_wconf 88' lang='lat' dir='ltr'>est,</span> <span class='ocrx_word' id='word_1_186' title='bbox 425 2479 592 2557; x_wconf 92' lang='lat' dir='ltr'>quomodo</span> <span class='ocrx_word' id='word_1_187' title='bbox 614 2475 800 2557; x_wconf 83' lang='lat' dir='ltr'>perlectum,</span> <span class='ocrx_word' id='word_1_188' title='bbox 823 2479 911 2556; x_wconf 91' lang='lat' dir='ltr'>quod</span> <span class='ocrx_word' id='word_1_189' title='bbox 929 2478 1068 2557; x_wconf 89' lang='lat' dir='ltr'>primum</span> <span class='ocrx_word' id='word_1_190' title='bbox 1086 2480 1128 2539; x_wconf 92' lang='lat' dir='ltr'>ad</span> <span class='ocrx_word' id='word_1_191' title='bbox 1151 2477 1301 2559; x_wconf 86' lang='lat' dir='ltr'>praesens</span> 
     </span>
     <span class='ocr_line' id='line_1_23' title="bbox 184 2578 1301 2660; baseline 0.002 -20"><span class='ocrx_word' id='word_1_192' title='bbox 184 2580 364 2660; x_wconf 88' lang='lat' dir='ltr'>pertinebat</span> <span class='ocrx_word' id='word_1_193' title='bbox 391 2588 528 2659; x_wconf 88' lang='lat' dir='ltr'>tempus,</span> <span class='ocrx_word' id='word_1_194' title='bbox 559 2578 724 2659; x_wconf 83' lang='lat' dir='ltr'>paullatim</span> <span class='ocrx_word' id='word_1_195' title='bbox 751 2579 792 2639; x_wconf 93' lang='lat' dir='ltr'>ad</span> <span class='ocrx_word' id='word_1_196' title='bbox 823 2580 888 2641; x_wconf 90' lang='lat' dir='ltr'>veri</span> <span class='ocrx_word' id='word_1_197' title='bbox 919 2578 1051 2660; x_wconf 87' lang='lat' dir='ltr'>perfecti</span> <span class='ocrx_word' id='word_1_198' title='bbox 1081 2600 1210 2642; x_wconf 93' lang='lat' dir='ltr'>sensum</span> <span class='ocrx_word' id='word_1_199' title='bbox 1232 2600 1301 2660; x_wconf 87' lang='lat' dir='ltr'>per-</span> 
     </span>
     <span class='ocr_line' id='line_1_24' title="bbox 181 2680 1302 2762; baseline 0.003 -22"><span class='ocrx_word' id='word_1_200' title='bbox 181 2682 311 2743; x_wconf 88' lang='lat' dir='ltr'>venerit.</span> <span class='ocrx_word' id='word_1_201' title='bbox 358 2680 509 2743; x_wconf 92' lang='lat' dir='ltr'>Ceterum</span> <span class='ocrx_word' id='word_1_202' title='bbox 532 2680 816 2761; x_wconf 88' lang='lat' dir='ltr'>reduplicationem</span> <span class='ocrx_word' id='word_1_203' title='bbox 839 2682 978 2761; x_wconf 89' lang='lat' dir='ltr'>primum</span> <span class='ocrx_word' id='word_1_204' title='bbox 1000 2701 1064 2742; x_wconf 90' lang='lat' dir='ltr'>non</span> <span class='ocrx_word' id='word_1_205' title='bbox 1087 2683 1128 2742; x_wconf 91' lang='lat' dir='ltr'>ad</span> <span class='ocrx_word' id='word_1_206' title='bbox 1151 2690 1302 2762; x_wconf 89' lang='lat' dir='ltr'>tempus</span> 
     </span>
     <span class='ocr_line' id='line_1_25' title="bbox 183 2782 1303 2862; baseline -0.001 -18"><span class='ocrx_word' id='word_1_207' title='bbox 183 2783 425 2862; x_wconf 84' lang='lat' dir='ltr'>significandum</span> <span class='ocrx_word' id='word_1_208' title='bbox 447 2789 619 2862; x_wconf 87' lang='lat' dir='ltr'>spectasse,</span> <span class='ocrx_word' id='word_1_209' title='bbox 642 2784 699 2844; x_wconf 94' lang='lat' dir='ltr'>sed</span> <span class='ocrx_word' id='word_1_210' title='bbox 722 2783 824 2862; x_wconf 90' lang='lat' dir='ltr'>ipsam</span> <span class='ocrx_word' id='word_1_211' title='bbox 844 2783 1003 2845; x_wconf 88' lang='lat' dir='ltr'>actionem</span> <span class='ocrx_word' id='word_1_212' title='bbox 1020 2802 1058 2843; x_wconf 93' lang='lat' dir='ltr'>ea</span> <span class='ocrx_word' id='word_1_213' title='bbox 1076 2782 1303 2862; x_wconf 84' lang='lat' dir='ltr'>amplificatam</span> 
     </span>
     <span class='ocr_line' id='line_1_26' title="bbox 184 2864 1304 2963; baseline -0.003 -16"><span class='ocrx_word' id='word_1_214' title='bbox 184 2906 254 2948; x_wconf 92' lang='lat' dir='ltr'>esse</span> <span class='ocrx_word' id='word_1_215' title='bbox 277 2884 379 2946; x_wconf 89' lang='lat' dir='ltr'>elucet</span> <span class='ocrx_word' id='word_1_216' title='bbox 401 2905 443 2946; x_wconf 86' lang='lat' dir='ltr'>ex</span> <span class='ocrx_word' id='word_1_217' title='bbox 467 2904 515 2957; x_wconf 93' lang='lat' dir='ltr'>e0,</span> <span class='ocrx_word' id='word_1_218' title='bbox 538 2864 626 2963; x_wconf 71' lang='lat' dir='ltr'>duod</span> <span class='ocrx_word' id='word_1_219' title='bbox 649 2883 794 2958; x_wconf 89' lang='lat' dir='ltr'>aoristus,</span> <span class='ocrx_word' id='word_1_220' title='bbox 817 2884 843 2945; x_wconf 93' lang='lat' dir='ltr'>si</span> <span class='ocrx_word' id='word_1_221' title='bbox 862 2883 923 2945; x_wconf 92' lang='lat' dir='ltr'>hac</span> <span class='ocrx_word' id='word_1_222' title='bbox 941 2883 1037 2944; x_wconf 91' lang='lat' dir='ltr'>utitur</span> <span class='ocrx_word' id='word_1_223' title='bbox 1055 2882 1304 2963; x_wconf 89' lang='lat' dir='ltr'>reduplicatione</span> 
     </span>
     <span class='ocr_line' id='line_1_27' title="bbox 185 2985 1303 3075; baseline -0.003 -26"><span class='ocrx_word' id='word_1_224' title='bbox 185 2991 313 3051; x_wconf 91' lang='lat' dir='ltr'>minime</span> <span class='ocrx_word' id='word_1_225' title='bbox 331 3007 438 3049; x_wconf 87' lang='lat' dir='ltr'>carere</span> <span class='ocrx_word' id='word_1_226' title='bbox 454 2994 563 3066; x_wconf 89' lang='lat' dir='ltr'>potest</span> <span class='ocrx_word' id='word_1_227' title='bbox 581 2994 763 3065; x_wconf 73' lang='lat' dir='ltr'>augmento</span> <span class='ocrx_word' id='word_1_228' title='bbox 783 3005 849 3064; x_wconf 94' lang='lat' dir='ltr'>quo</span> <span class='ocrx_word' id='word_1_229' title='bbox 867 2985 909 3046; x_wconf 93' lang='lat' dir='ltr'>ad</span> <span class='ocrx_word' id='word_1_230' title='bbox 927 2986 1014 3064; x_wconf 91' lang='lat' dir='ltr'>quod</span> <span class='ocrx_word' id='word_1_231' title='bbox 1033 2992 1161 3075; x_wconf 88' lang='lat' dir='ltr'>tempus</span> <span class='ocrx_word' id='word_1_232' title='bbox 1179 2993 1303 3065; x_wconf 89' lang='lat' dir='ltr'>spectet</span> 
     </span>
     <span class='ocr_line' id='line_1_28' title="bbox 183 3086 1304 3172; baseline -0.007 -18"><span class='ocrx_word' id='word_1_233' title='bbox 183 3091 379 3172; x_wconf 84' lang='lat' dir='ltr'>significetur</span> <span class='ocrx_word' id='word_1_234' title='bbox 406 3087 504 3169; x_wconf 88' lang='lat' dir='ltr'>(Curt.</span> <span class='ocrx_word' id='word_1_235' title='bbox 527 3097 624 3168; x_wconf 88' lang='lat' dir='ltr'>temp.</span> <span class='ocrx_word' id='word_1_236' title='bbox 651 3109 679 3148; x_wconf 91' lang='lat' dir='ltr'>u.</span> <span class='ocrx_word' id='word_1_237' title='bbox 704 3089 789 3148; x_wconf 91' lang='lat' dir='ltr'>mod.</span> <span class='ocrx_word' id='word_1_238' title='bbox 817 3107 847 3166; x_wconf 95' lang='lat' dir='ltr'>p.</span> <span class='ocrx_word' id='word_1_239' title='bbox 875 3089 940 3166; x_wconf 88' lang='lat'>178.</span> <span class='ocrx_word' id='word_1_240' title='bbox 977 3086 1103 3165; x_wconf 81' lang='lat' dir='ltr'>&#39;Heyse,</span> <span class='ocrx_word' id='word_1_241' title='bbox 1126 3095 1251 3166; x_wconf 89' lang='lat' dir='ltr'>system</span> <span class='ocrx_word' id='word_1_242' title='bbox 1275 3089 1304 3148; x_wconf 95' lang='lat' dir='ltr'>d.</span> 
     </span>
     <span class='ocr_line' id='line_1_29' title="bbox 184 3184 1304 3276; baseline -0.004 -20"><span class='ocrx_word' id='word_1_243' title='bbox 184 3184 441 3276; x_wconf 79' lang='lat' dir='ltr'>sprachwiss&#39;p.</span> <span class='ocrx_word' id='word_1_244' title='bbox 464 3192 547 3270; x_wconf 83' lang='lat'>459).</span> <span class='ocrx_word' id='word_1_245' title='bbox 597 3191 763 3269; x_wconf 91' lang='lat' dir='ltr'>Recteque</span> <span class='ocrx_word' id='word_1_246' title='bbox 789 3189 908 3250; x_wconf 92' lang='lat' dir='ltr'>stoicos</span> <span class='ocrx_word' id='word_1_247' title='bbox 935 3187 1304 3276; x_wconf 25' lang='lat' dir='ltr'>perfectumliveowiw</span> 
     </span>
     <span class='ocr_line' id='line_1_30' title="bbox 181 3289 1304 3380; baseline -0.012 -18"><span class='ocrx_word' id='word_1_248' title='bbox 181 3292 309 3380; x_wconf 75' lang='grc' dir='ltr'><em>χρόνον</em></span> <span class='ocrx_word' id='word_1_249' title='bbox 331 3293 511 3375; x_wconf 89' lang='lat' dir='ltr'>appellasse</span> <span class='ocrx_word' id='word_1_250' title='bbox 533 3294 630 3353; x_wconf 88' lang='lat' dir='ltr'>tradit</span> <span class='ocrx_word' id='word_1_251' title='bbox 652 3290 833 3371; x_wconf 87' lang='lat' dir='ltr'>Stephanus</span> <span class='ocrx_word' id='word_1_252' title='bbox 856 3289 1029 3351; x_wconf 87' lang='lat' dir='ltr'>scholiasta</span> <span class='ocrx_word' id='word_1_253' title='bbox 1052 3292 1093 3352; x_wconf 92' lang='lat' dir='ltr'>ad</span> <span class='ocrx_word' id='word_1_254' title='bbox 1111 3290 1304 3368; x_wconf 92' lang='lat' dir='ltr'>Dionysium</span> 
     </span>
     <span class='ocr_line' id='line_1_31' title="bbox 184 3389 1304 3478; baseline -0.007 -19"><span class='ocrx_word' id='word_1_255' title='bbox 184 3397 260 3460; x_wconf 92' lang='lat' dir='ltr'>Thr.</span> <span class='ocrx_word' id='word_1_256' title='bbox 283 3395 420 3478; x_wconf 88' lang='lat' dir='ltr'>(Bekker</span> <span class='ocrx_word' id='word_1_257' title='bbox 443 3396 552 3456; x_wconf 91' lang='lat' dir='ltr'>anecd.</span> <span class='ocrx_word' id='word_1_258' title='bbox 582 3415 613 3474; x_wconf 89' lang='lat' dir='ltr'>p.</span> <span class='ocrx_word' id='word_1_259' title='bbox 637 3395 709 3472; x_wconf 75' lang='lat'>893]</span> <span class='ocrx_word' id='word_1_260' title='bbox 737 3393 791 3472; x_wconf 91' lang='lat' dir='ltr'>qui</span> <span class='ocrx_word' id='word_1_261' title='bbox 818 3392 948 3471; x_wconf 91' lang='lat' dir='ltr'>quidem</span> <span class='ocrx_word' id='word_1_262' title='bbox 976 3390 1054 3453; x_wconf 87' lang='lat' dir='ltr'>salse</span> <span class='ocrx_word' id='word_1_263' title='bbox 1081 3391 1113 3453; x_wconf 92' lang='lat' dir='ltr'>id</span> <span class='ocrx_word' id='word_1_264' title='bbox 1141 3389 1236 3453; x_wconf 86' lang='lat' dir='ltr'>refert</span> <span class='ocrx_word' id='word_1_265' title='bbox 1263 3392 1304 3451; x_wconf 91' lang='lat' dir='ltr'>ad</span> 
     </span>
     <span class='ocr_line' id='line_1_32' title="bbox 185 3495 994 3582; baseline -0.01 -19"><span class='ocrx_word' id='word_1_266' title='bbox 185 3501 389 3582; x_wconf 90' lang='lat' dir='ltr'>praeteritum</span> <span class='ocrx_word' id='word_1_267' title='bbox 413 3507 542 3576; x_wconf 91' lang='lat' dir='ltr'>tempus</span> <span class='ocrx_word' id='word_1_268' title='bbox 565 3495 703 3576; x_wconf 83' lang='lat' dir='ltr'>(Bekker</span> <span class='ocrx_word' id='word_1_269' title='bbox 726 3495 835 3556; x_wconf 90' lang='lat' dir='ltr'>anecd.</span> <span class='ocrx_word' id='word_1_270' title='bbox 858 3515 888 3574; x_wconf 93' lang='lat' dir='ltr'>p.</span> <span class='ocrx_word' id='word_1_271' title='bbox 911 3495 994 3573; x_wconf 79' lang='lat'>638).</span> 
     </span>
    </p>

    <p class='ocr_par' dir='ltr' id='par_1_3' title="bbox 186 3594 1306 3990">
     <span class='ocr_line' id='line_1_33' title="bbox 272 3594 1305 3678; baseline -0.008 -16"><span class='ocrx_word' id='word_1_272' title='bbox 272 3600 407 3663; x_wconf 88' lang='lat' dir='ltr'>Constat</span> <span class='ocrx_word' id='word_1_273' title='bbox 425 3599 519 3678; x_wconf 84' lang='lat' dir='ltr'>igitur</span> <span class='ocrx_word' id='word_1_274' title='bbox 541 3596 718 3678; x_wconf 85' lang='lat' dir='ltr'>perlectum</span> <span class='ocrx_word' id='word_1_275' title='bbox 742 3616 760 3657; x_wconf 89' lang='lat' dir='ltr'>a</span> <span class='ocrx_word' id='word_1_276' title='bbox 783 3595 917 3676; x_wconf 85' lang='lat' dir='ltr'>simplici</span> <span class='ocrx_word' id='word_1_277' title='bbox 935 3594 1094 3675; x_wconf 90' lang='lat' dir='ltr'>praesenti</span> <span class='ocrx_word' id='word_1_278' title='bbox 1109 3595 1247 3675; x_wconf 91' lang='lat' dir='ltr'>primum</span> <span class='ocrx_word' id='word_1_279' title='bbox 1265 3614 1305 3654; x_wconf 93' lang='lat' dir='ltr'>eo</span> 
     </span>
     <span class='ocr_line' id='line_1_34' title="bbox 186 3694 1303 3778; baseline -0.009 -12"><span class='ocrx_word' id='word_1_280' title='bbox 186 3715 308 3767; x_wconf 86' lang='lat' dir='ltr'>tantum</span> <span class='ocrx_word' id='word_1_281' title='bbox 333 3703 494 3764; x_wconf 90' lang='lat' dir='ltr'>diversum</span> <span class='ocrx_word' id='word_1_282' title='bbox 518 3699 622 3774; x_wconf 87' lang='lat' dir='ltr'>fuisse,</span> <span class='ocrx_word' id='word_1_283' title='bbox 641 3700 728 3778; x_wconf 95' lang='lat' dir='ltr'>quod</span> <span class='ocrx_word' id='word_1_284' title='bbox 745 3698 792 3758; x_wconf 91' lang='lat' dir='ltr'>vis</span> <span class='ocrx_word' id='word_1_285' title='bbox 812 3697 878 3758; x_wconf 92' lang='lat' dir='ltr'>eius</span> <span class='ocrx_word' id='word_1_286' title='bbox 897 3697 999 3776; x_wconf 85' lang='lat' dir='ltr'>magis</span> <span class='ocrx_word' id='word_1_287' title='bbox 1018 3705 1085 3758; x_wconf 90' lang='lat' dir='ltr'>erat</span> <span class='ocrx_word' id='word_1_288' title='bbox 1103 3694 1303 3775; x_wconf 84' lang='lat' dir='ltr'>amplificata,</span> 
     </span>
     <span class='ocr_line' id='line_1_35' title="bbox 186 3796 1306 3886; baseline -0.01 -18"><span class='ocrx_word' id='word_1_289' title='bbox 186 3809 229 3868; x_wconf 85' lang='lat' dir='ltr'>ita</span> <span class='ocrx_word' id='word_1_290' title='bbox 247 3816 281 3869; x_wconf 92' lang='lat' dir='ltr'>ut</span> <span class='ocrx_word' id='word_1_291' title='bbox 300 3804 476 3886; x_wconf 81' lang='lat' dir='ltr'>perfectum</span> <span class='ocrx_word' id='word_1_292' title='bbox 496 3801 561 3864; x_wconf 88' lang='grc'><strong>1616</strong></span> <span class='ocrx_word' id='word_1_293' title='bbox 580 3803 640 3862; x_wconf 92' lang='lat' dir='ltr'>dici</span> <span class='ocrx_word' id='word_1_294' title='bbox 659 3801 761 3881; x_wconf 89' lang='lat' dir='ltr'>possit</span> <span class='ocrx_word' id='word_1_295' title='bbox 778 3819 930 3880; x_wconf 89' lang='lat' dir='ltr'>praesens</span> <span class='ocrx_word' id='word_1_296' title='bbox 949 3797 1186 3879; x_wconf 86' lang='lat' dir='ltr'>amplificatum.</span> <span class='ocrx_word' id='word_1_297' title='bbox 1210 3796 1306 3859; x_wconf 88' lang='lat' dir='ltr'>Cuius</span> 
     </span>
     <span class='ocr_line' id='line_1_36' title="bbox 188 3901 1306 3990; baseline -0.01 -19"><span class='ocrx_word' id='word_1_298' title='bbox 188 3911 275 3971; x_wconf 91' lang='lat' dir='ltr'>modi</span> <span class='ocrx_word' id='word_1_299' title='bbox 305 3907 436 3990; x_wconf 84' lang='lat' dir='ltr'>perfecti</span> <span class='ocrx_word' id='word_1_300' title='bbox 467 3906 568 3967; x_wconf 90' lang='lat' dir='ltr'>multa</span> <span class='ocrx_word' id='word_1_301' title='bbox 591 3912 705 3966; x_wconf 87' lang='lat' dir='ltr'>extant</span> <span class='ocrx_word' id='word_1_302' title='bbox 726 3901 877 3982; x_wconf 87' lang='lat' dir='ltr'>exempla</span> <span class='ocrx_word' id='word_1_303' title='bbox 899 3903 986 3983; x_wconf 88' lang='lat' dir='ltr'>apud</span> <span class='ocrx_word' id='word_1_304' title='bbox 1009 3901 1201 3975; x_wconf 83' lang='lat' dir='ltr'>Homerum3</span> <span class='ocrx_word' id='word_1_305' title='bbox 1228 3920 1306 3979; x_wconf 93' lang='lat' dir='ltr'>quo·</span> 
     </span>
    </p>
   </div>
   <div class='ocr_carea' id='block_1_3' title="bbox 0 0 1492 4566">
    <p class='ocr_par' dir='ltr' id='par_1_4' title="bbox 0 0 1492 4566">
     <span class='ocr_line' id='line_1_37' title="bbox 0 0 1492 4566; baseline 0 0"><span class='ocrx_word' id='word_1_306' title='bbox 0 0 1492 4566; x_wconf 95' lang='lat' dir='ltr'> </span> 
     </span>
    </p>
   </div>
  </div>
 </body>
</html>
