<?xml version="1.0" encoding="UTF-8"?>
<!DOCTYPE html PUBLIC "-//W3C//DTD XHTML 1.0 Transitional//EN"
    "http://www.w3.org/TR/xhtml1/DTD/xhtml1-transitional.dtd">
<html xmlns="http://www.w3.org/1999/xhtml" xml:lang="en" lang="en">
 <head>
  <title>
</title>
<meta http-equiv="Content-Type" content="text/html;charset=utf-8" />
  <meta name='ocr-system' content='tesseract 3.04.00' />
  <meta name='ocr-capabilities' content='ocr_page ocr_carea ocr_par ocr_line ocrx_word'/>
</head>
<body>
  <div class='ocr_page' id='page_1' title='image "./quaestionesdepe00loebgoog_0033.png"; bbox 0 0 2940 4566; ppageno 0'>
   <div class='ocr_carea' id='block_1_1' title="bbox 610 283 821 346">
    <p class='ocr_par' dir='ltr' id='par_1_1' title="bbox 610 283 821 346">
     <span class='ocr_line' id='line_1_1' title="bbox 610 283 821 346; baseline 0 -35"><span class='ocrx_word' id='word_1_1' title='bbox 610 283 821 346; x_wconf 65' lang='lat'>‚29-</span> 
     </span>
    </p>
   </div>
   <div class='ocr_carea' id='block_1_2' title="bbox 156 430 1278 723">
    <p class='ocr_par' dir='ltr' id='par_1_2' title="bbox 156 430 1278 723">
     <span class='ocr_line' id='line_1_2' title="bbox 158 430 1278 521; baseline 0 -19"><span class='ocrx_word' id='word_1_2' title='bbox 158 437 271 502; x_wconf 76' lang='grc' dir='ltr'><strong>δὲκαὶ</strong></span> <span class='ocrx_word' id='word_1_3' title='bbox 299 430 394 502; x_wconf 77' lang='grc' dir='ltr'><em>ἄλλοι</em></span> <span class='ocrx_word' id='word_1_4' title='bbox 417 436 677 518; x_wconf 74' lang='grc' dir='ltr'><em>(παρακείμενοι)</em></span> <span class='ocrx_word' id='word_1_5' title='bbox 701 433 824 511; x_wconf 80' lang='grc' dir='ltr'><em>οἵτινες</em></span> <span class='ocrx_word' id='word_1_6' title='bbox 846 434 954 501; x_wconf 75' lang='grc' dir='ltr'><strong><em>ἐνίοτε</em></strong></span> <span class='ocrx_word' id='word_1_7' title='bbox 980 438 1041 521; x_wconf 78' lang='grc' dir='ltr'>μὲν</span> <span class='ocrx_word' id='word_1_8' title='bbox 1063 437 1117 503; x_wconf 76' lang='grc' dir='ltr'>ἐπὶ</span> <span class='ocrx_word' id='word_1_9' title='bbox 1139 439 1278 505; x_wconf 69' lang='lat' dir='ltr'>inserm-</span> 
     </span>
     <span class='ocr_line' id='line_1_3' title="bbox 156 535 1119 622; baseline -0.001 -18"><span class='ocrx_word' id='word_1_10' title='bbox 156 564 216 615; x_wconf 86' lang='grc' dir='ltr'>τος</span> <span class='ocrx_word' id='word_1_11' title='bbox 237 540 348 606; x_wconf 78' lang='grc' dir='ltr'><strong><em>ἐνίοτε</em></strong></span> <span class='ocrx_word' id='word_1_12' title='bbox 377 537 414 602; x_wconf 79' lang='grc' dir='ltr'>δὲ</span> <span class='ocrx_word' id='word_1_13' title='bbox 442 536 497 602; x_wconf 78' lang='grc' dir='ltr'>ἐπὶ</span> <span class='ocrx_word' id='word_1_14' title='bbox 518 535 795 622; x_wconf 76' lang='grc' dir='ltr'><strong><em>παρεληλυθότος</em></strong></span> <span class='ocrx_word' id='word_1_15' title='bbox 817 535 1054 621; x_wconf 76' lang='grc' dir='ltr'><strong><em>λαμβάνονται.</em></strong></span> <span class='ocrx_word' id='word_1_16' title='bbox 1078 576 1119 586; x_wconf 88' lang='grc'>-</span> 
     </span>
     <span class='ocr_line' id='line_1_4' title="bbox 244 632 1267 723; baseline 0.003 -21"><span class='ocrx_word' id='word_1_17' title='bbox 244 640 316 722; x_wconf 83' lang='lat' dir='ltr'>Qua</span> <span class='ocrx_word' id='word_1_18' title='bbox 331 642 372 702; x_wconf 92' lang='lat' dir='ltr'>de</span> <span class='ocrx_word' id='word_1_19' title='bbox 387 661 421 702; x_wconf 94' lang='lat' dir='ltr'>re</span> <span class='ocrx_word' id='word_1_20' title='bbox 436 639 564 702; x_wconf 90' lang='lat' dir='ltr'>uberius</span> <span class='ocrx_word' id='word_1_21' title='bbox 580 642 646 719; x_wconf 90' lang='lat' dir='ltr'>egit</span> <span class='ocrx_word' id='word_1_22' title='bbox 656 632 783 702; x_wconf 82' lang='lat' dir='ltr'>Curtius</span> <span class='ocrx_word' id='word_1_23' title='bbox 794 641 903 721; x_wconf 86' lang='lat' dir='ltr'>(temp.</span> <span class='ocrx_word' id='word_1_24' title='bbox 914 662 941 702; x_wconf 90' lang='lat' dir='ltr'>u.</span> <span class='ocrx_word' id='word_1_25' title='bbox 953 643 1040 703; x_wconf 92' lang='lat' dir='ltr'>mod.</span> <span class='ocrx_word' id='word_1_26' title='bbox 1049 663 1079 722; x_wconf 95' lang='lat' dir='ltr'>p.</span> <span class='ocrx_word' id='word_1_27' title='bbox 1089 646 1267 723; x_wconf 82' lang='lat'>174--178)</span> 
     </span>
    </p>
   </div>
   <div class='ocr_carea' id='block_1_3' title="bbox 103 743 1309 3978">
    <p class='ocr_par' dir='ltr' id='par_1_3' title="bbox 103 743 1309 3777">
     <span class='ocr_line' id='line_1_5' title="bbox 140 743 1279 826; baseline 0.002 -21"><span class='ocrx_word' id='word_1_28' title='bbox 140 816 143 822; x_wconf 27' lang='lat'><strong><em>¹</em></strong></span> <span class='ocrx_word' id='word_1_29' title='bbox 241 744 295 805; x_wconf 89' lang='lat' dir='ltr'>Ac</span> <span class='ocrx_word' id='word_1_30' title='bbox 326 762 424 822; x_wconf 90' lang='lat' dir='ltr'>quum</span> <span class='ocrx_word' id='word_1_31' title='bbox 464 743 527 803; x_wconf 92' lang='lat' dir='ltr'>iam</span> <span class='ocrx_word' id='word_1_32' title='bbox 565 749 736 822; x_wconf 87' lang='lat' dir='ltr'>appareat,</span> <span class='ocrx_word' id='word_1_33' title='bbox 768 763 786 803; x_wconf 93' lang='lat' dir='ltr'>a</span> <span class='ocrx_word' id='word_1_34' title='bbox 820 745 998 822; x_wconf 86' lang='lat' dir='ltr'>praesentis</span> <span class='ocrx_word' id='word_1_35' title='bbox 1033 745 1165 806; x_wconf 91' lang='lat' dir='ltr'>notione</span> <span class='ocrx_word' id='word_1_36' title='bbox 1204 766 1279 826; x_wconf 93' lang='lat' dir='ltr'>pro-</span> 
     </span>
     <span class='ocr_line' id='line_1_6' title="bbox 157 842 1278 926; baseline 0.001 -19"><span class='ocrx_word' id='word_1_37' title='bbox 157 846 273 908; x_wconf 84' lang='lat' dir='ltr'>fectam</span> <span class='ocrx_word' id='word_1_38' title='bbox 307 865 378 907; x_wconf 87' lang='lat' dir='ltr'>esse</span> <span class='ocrx_word' id='word_1_39' title='bbox 407 845 573 905; x_wconf 91' lang='lat' dir='ltr'>notionem</span> <span class='ocrx_word' id='word_1_40' title='bbox 604 842 746 924; x_wconf 86' lang='lat' dir='ltr'>perfecti,</span> <span class='ocrx_word' id='word_1_41' title='bbox 779 864 857 905; x_wconf 92' lang='lat' dir='ltr'>non</span> <span class='ocrx_word' id='word_1_42' title='bbox 887 854 1022 919; x_wconf 89' lang='lat' dir='ltr'>constat,</span> <span class='ocrx_word' id='word_1_43' title='bbox 1053 866 1135 926; x_wconf 90' lang='lat' dir='ltr'>quae</span> <span class='ocrx_word' id='word_1_44' title='bbox 1165 849 1214 908; x_wconf 89' lang='lat' dir='ltr'>vis</span> <span class='ocrx_word' id='word_1_45' title='bbox 1241 867 1278 908; x_wconf 92' lang='lat' dir='ltr'>ac</span> 
     </span>
     <span class='ocr_line' id='line_1_7' title="bbox 157 942 1277 1028; baseline 0 -20"><span class='ocrx_word' id='word_1_46' title='bbox 157 957 269 1008; x_wconf 90' lang='lat' dir='ltr'>natura</span> <span class='ocrx_word' id='word_1_47' title='bbox 291 945 384 1007; x_wconf 84' lang='lat' dir='ltr'>fuerit</span> <span class='ocrx_word' id='word_1_48' title='bbox 406 944 498 1006; x_wconf 92' lang='lat' dir='ltr'>huius</span> <span class='ocrx_word' id='word_1_49' title='bbox 520 946 707 1024; x_wconf 89' lang='lat' dir='ltr'>praesentis.</span> <span class='ocrx_word' id='word_1_50' title='bbox 753 942 834 1006; x_wconf 88' lang='lat' dir='ltr'><strong>Sunt</strong></span> <span class='ocrx_word' id='word_1_51' title='bbox 856 947 950 1020; x_wconf 90' lang='lat' dir='ltr'>enim,</span> <span class='ocrx_word' id='word_1_52' title='bbox 980 949 1042 1026; x_wconf 85' lang='lat' dir='ltr'>qui,</span> <span class='ocrx_word' id='word_1_53' title='bbox 1064 967 1163 1026; x_wconf 93' lang='lat' dir='ltr'>quum</span> <span class='ocrx_word' id='word_1_54' title='bbox 1186 968 1277 1028; x_wconf 90' lang='lat' dir='ltr'>prae·</span> 
     </span>
     <span class='ocr_line' id='line_1_8' title="bbox 157 1046 1277 1130; baseline 0 -18"><span class='ocrx_word' id='word_1_55' title='bbox 157 1070 230 1112; x_wconf 91' lang='lat' dir='ltr'>sens</span> <span class='ocrx_word' id='word_1_56' title='bbox 257 1051 446 1110; x_wconf 85' lang='lat' dir='ltr'>instructum</span> <span class='ocrx_word' id='word_1_57' title='bbox 473 1049 631 1108; x_wconf 87' lang='lat' dir='ltr'>intensiva</span> <span class='ocrx_word' id='word_1_58' title='bbox 660 1049 791 1109; x_wconf 88' lang='lat' dir='ltr'>notione</span> <span class='ocrx_word' id='word_1_59' title='bbox 817 1046 912 1128; x_wconf 92' lang='lat' dir='ltr'>plane</span> <span class='ocrx_word' id='word_1_60' title='bbox 939 1047 1123 1110; x_wconf 87' lang='lat' dir='ltr'>abiudicent</span> <span class='ocrx_word' id='word_1_61' title='bbox 1152 1049 1277 1130; x_wconf 88' lang='lat' dir='ltr'>linguae</span> 
     </span>
     <span class='ocr_line' id='line_1_9' title="bbox 156 1149 1274 1230; baseline 0 -18"><span class='ocrx_word' id='word_1_62' title='bbox 156 1150 447 1230; x_wconf 87' lang='lat' dir='ltr'>indogermanicae‚</span> <span class='ocrx_word' id='word_1_63' title='bbox 470 1169 512 1211; x_wconf 88' lang='lat' dir='ltr'>ex</span> <span class='ocrx_word' id='word_1_64' title='bbox 535 1150 680 1211; x_wconf 90' lang='lat' dir='ltr'>iterativa</span> <span class='ocrx_word' id='word_1_65' title='bbox 703 1151 835 1210; x_wconf 92' lang='lat' dir='ltr'>notione</span> <span class='ocrx_word' id='word_1_66' title='bbox 857 1169 967 1211; x_wconf 90' lang='lat' dir='ltr'>verum</span> <span class='ocrx_word' id='word_1_67' title='bbox 990 1149 1167 1230; x_wconf 82' lang='lat' dir='ltr'>perfectum</span> <span class='ocrx_word' id='word_1_68' title='bbox 1188 1171 1274 1213; x_wconf 91' lang='lat' dir='ltr'>ema-</span> 
     </span>
     <span class='ocr_line' id='line_1_10' title="bbox 156 1249 1309 1332; baseline 0.002 -20"><span class='ocrx_word' id='word_1_69' title='bbox 156 1271 249 1313; x_wconf 85' lang='lat' dir='ltr'>nasse</span> <span class='ocrx_word' id='word_1_70' title='bbox 272 1251 465 1312; x_wconf 87' lang='lat' dir='ltr'>existiment.</span> <span class='ocrx_word' id='word_1_71' title='bbox 515 1249 606 1330; x_wconf 82' lang='lat' dir='ltr'>Quae</span> <span class='ocrx_word' id='word_1_72' title='bbox 629 1258 678 1312; x_wconf 89' lang='lat' dir='ltr'>est</span> <span class='ocrx_word' id='word_1_73' title='bbox 700 1252 858 1314; x_wconf 89' lang='lat' dir='ltr'>sententia</span> <span class='ocrx_word' id='word_1_74' title='bbox 881 1249 1043 1328; x_wconf 89' lang='lat' dir='ltr'>Gerlandi,</span> <span class='ocrx_word' id='word_1_75' title='bbox 1067 1253 1274 1332; x_wconf 86' lang='lat' dir='ltr'>expositam</span> <span class='ocrx_word' id='word_1_76' title='bbox 1307 1310 1309 1314; x_wconf 81' lang='grc'>,</span> 
     </span>
     <span class='ocr_line' id='line_1_11' title="bbox 158 1348 1277 1432; baseline 0 -18"><span class='ocrx_word' id='word_1_77' title='bbox 158 1352 239 1414; x_wconf 90' lang='lat' dir='ltr'>libro</span> <span class='ocrx_word' id='word_1_78' title='bbox 266 1348 714 1432; x_wconf 68' lang='lat' dir='ltr'>elegantissime‘conscripto</span> <span class='ocrx_word' id='word_1_79' title='bbox 741 1353 913 1426; x_wconf 83' lang='lat' dir='ltr'>„intensiva</span> <span class='ocrx_word' id='word_1_80' title='bbox 940 1353 1005 1414; x_wconf 93' lang='lat' dir='ltr'>und</span> <span class='ocrx_word' id='word_1_81' title='bbox 1036 1355 1182 1416; x_wconf 91' lang='lat' dir='ltr'>iterative</span> <span class='ocrx_word' id='word_1_82' title='bbox 1212 1354 1277 1414; x_wconf 92' lang='lat' dir='ltr'>und</span> 
     </span>
     <span class='ocr_line' id='line_1_12' title="bbox 157 1453 1278 1535; baseline 0 -19"><span class='ocrx_word' id='word_1_83' title='bbox 157 1455 205 1516; x_wconf 94' lang='lat' dir='ltr'>ihr</span> <span class='ocrx_word' id='word_1_84' title='bbox 233 1453 441 1516; x_wconf 89' lang='lat' dir='ltr'>verhaeltniss</span> <span class='ocrx_word' id='word_1_85' title='bbox 468 1474 506 1514; x_wconf 91' lang='lat' dir='ltr'>zu</span> <span class='ocrx_word' id='word_1_86' title='bbox 535 1454 711 1528; x_wconf 89' lang='lat' dir='ltr'>einander“,</span> <span class='ocrx_word' id='word_1_87' title='bbox 738 1453 816 1534; x_wconf 88' lang='lat' dir='ltr'>Lpz.</span> <span class='ocrx_word' id='word_1_88' title='bbox 848 1456 936 1533; x_wconf 88' lang='lat'>1869,</span> <span class='ocrx_word' id='word_1_89' title='bbox 963 1475 993 1534; x_wconf 90' lang='lat' dir='ltr'>p.</span> <span class='ocrx_word' id='word_1_90' title='bbox 1015 1472 1052 1530; x_wconf 85' lang='lat'>41</span> <span class='ocrx_word' id='word_1_91' title='bbox 1085 1475 1174 1535; x_wconf 88' lang='lat' dir='ltr'>seqq.</span> <span class='ocrx_word' id='word_1_92' title='bbox 1219 1454 1278 1516; x_wconf 91' lang='lat' dir='ltr'>Cui</span> 
     </span>
     <span class='ocr_line' id='line_1_13' title="bbox 131 1553 1279 1637; baseline 0 -19"><span class='ocrx_word' id='word_1_93' title='bbox 131 1580 145 1602; x_wconf 57' lang='lat'>*·</span> <span class='ocrx_word' id='word_1_94' title='bbox 157 1558 344 1618; x_wconf 88' lang='lat' dir='ltr'>adversatus</span> <span class='ocrx_word' id='word_1_95' title='bbox 367 1564 417 1617; x_wconf 92' lang='lat' dir='ltr'>est</span> <span class='ocrx_word' id='word_1_96' title='bbox 440 1557 622 1636; x_wconf 88' lang='lat' dir='ltr'>nuperrime</span> <span class='ocrx_word' id='word_1_97' title='bbox 642 1555 669 1616; x_wconf 93' lang='lat' dir='ltr'>F</span> <span class='ocrx_word' id='word_1_98' title='bbox 672 1555 835 1617; x_wconf 91' lang='lat' dir='ltr'>ritzschius</span> <span class='ocrx_word' id='word_1_99' title='bbox 864 1553 962 1635; x_wconf 84' lang='lat' dir='ltr'>(Curt.</span> <span class='ocrx_word' id='word_1_100' title='bbox 985 1559 1068 1618; x_wconf 91' lang='lat' dir='ltr'>stud.</span> <span class='ocrx_word' id='word_1_101' title='bbox 1092 1557 1139 1618; x_wconf 94' lang='lat' dir='ltr'>Vl</span> <span class='ocrx_word' id='word_1_102' title='bbox 1161 1577 1192 1637; x_wconf 91' lang='lat' dir='ltr'>p.</span> <span class='ocrx_word' id='word_1_103' title='bbox 1216 1573 1279 1637; x_wconf 87' lang='lat'>279</span> 
     </span>
     <span class='ocr_line' id='line_1_14' title="bbox 157 1656 1279 1738; baseline 0.002 -19"><span class='ocrx_word' id='word_1_104' title='bbox 157 1678 246 1738; x_wconf 90' lang='lat' dir='ltr'>seqq.</span> <span class='ocrx_word' id='word_1_105' title='bbox 270 1658 351 1736; x_wconf 83' lang='lat'>346).</span> <span class='ocrx_word' id='word_1_106' title='bbox 395 1656 426 1718; x_wconf 93' lang='lat' dir='ltr'>Is</span> <span class='ocrx_word' id='word_1_107' title='bbox 456 1659 540 1719; x_wconf 89' lang='lat' dir='ltr'>enim</span> <span class='ocrx_word' id='word_1_108' title='bbox 569 1659 764 1732; x_wconf 90' lang='lat' dir='ltr'>„iterativam</span> <span class='ocrx_word' id='word_1_109' title='bbox 792 1659 956 1719; x_wconf 90' lang='lat' dir='ltr'>notionem</span> <span class='ocrx_word' id='word_1_110' title='bbox 980 1659 1225 1738; x_wconf 90' lang='lat' dir='ltr'>durativamque</span> <span class='ocrx_word' id='word_1_111' title='bbox 1247 1668 1279 1721; x_wconf 89' lang='lat' dir='ltr'>et</span> 
     </span>
     <span class='ocr_line' id='line_1_15' title="bbox 157 1759 1279 1841; baseline 0.001 -19"><span class='ocrx_word' id='word_1_112' title='bbox 157 1761 347 1823; x_wconf 90' lang='lat' dir='ltr'>intensivam</span> <span class='ocrx_word' id='word_1_113' title='bbox 380 1768 412 1821; x_wconf 91' lang='lat' dir='ltr'>et</span> <span class='ocrx_word' id='word_1_114' title='bbox 444 1779 527 1839; x_wconf 89' lang='lat' dir='ltr'>quae</span> <span class='ocrx_word' id='word_1_115' title='bbox 556 1759 631 1821; x_wconf 89' lang='lat' dir='ltr'>inde</span> <span class='ocrx_word' id='word_1_116' title='bbox 662 1761 762 1821; x_wconf 92' lang='lat' dir='ltr'>crevit</span> <span class='ocrx_word' id='word_1_117' title='bbox 793 1761 1005 1822; x_wconf 87' lang='lat' dir='ltr'>causativam“</span> <span class='ocrx_word' id='word_1_118' title='bbox 1036 1763 1100 1822; x_wconf 90' lang='lat' dir='ltr'>iam</span> <span class='ocrx_word' id='word_1_119' title='bbox 1129 1763 1279 1841; x_wconf 85' lang='lat' dir='ltr'>indoger·</span> 
     </span>
     <span class='ocr_line' id='line_1_16' title="bbox 103 1859 1282 1942; baseline 0.001 -18"><span class='ocrx_word' id='word_1_120' title='bbox 103 1862 112 1879; x_wconf 83' lang='lat'>&#39;</span> <span class='ocrx_word' id='word_1_121' title='bbox 158 1864 304 1924; x_wconf 90' lang='lat' dir='ltr'>manicae</span> <span class='ocrx_word' id='word_1_122' title='bbox 335 1861 446 1922; x_wconf 91' lang='lat' dir='ltr'>tribuit</span> <span class='ocrx_word' id='word_1_123' title='bbox 469 1862 604 1940; x_wconf 86' lang='lat' dir='ltr'>linguae.</span> <span class='ocrx_word' id='word_1_124' title='bbox 650 1859 757 1942; x_wconf 83' lang='lat' dir='ltr'>Quam</span> <span class='ocrx_word' id='word_1_125' title='bbox 780 1881 848 1922; x_wconf 93' lang='lat' dir='ltr'>rem</span> <span class='ocrx_word' id='word_1_126' title='bbox 872 1861 1053 1942; x_wconf 89' lang='lat' dir='ltr'>disceptare</span> <span class='ocrx_word' id='word_1_127' title='bbox 1079 1883 1143 1924; x_wconf 93' lang='lat' dir='ltr'>non</span> <span class='ocrx_word' id='word_1_128' title='bbox 1166 1866 1282 1925; x_wconf 88' lang='lat' dir='ltr'>attinet</span> 
     </span>
     <span class='ocr_line' id='line_1_17' title="bbox 158 1964 1279 2050; baseline 0.001 -25"><span class='ocrx_word' id='word_1_129' title='bbox 158 1966 199 2025; x_wconf 91' lang='lat' dir='ltr'>ad</span> <span class='ocrx_word' id='word_1_130' title='bbox 222 1984 282 2025; x_wconf 90' lang='lat' dir='ltr'>nos</span> <span class='ocrx_word' id='word_1_131' title='bbox 304 1983 408 2043; x_wconf 91' lang='lat' dir='ltr'>neque</span> <span class='ocrx_word' id='word_1_132' title='bbox 431 1965 563 2024; x_wconf 93' lang='lat' dir='ltr'>omnino</span> <span class='ocrx_word' id='word_1_133' title='bbox 586 1964 758 2044; x_wconf 86' lang='lat' dir='ltr'>disceptari</span> <span class='ocrx_word' id='word_1_134' title='bbox 787 1972 912 2050; x_wconf 87' lang='lat' dir='ltr'>potest,</span> <span class='ocrx_word' id='word_1_135' title='bbox 939 1965 999 2024; x_wconf 89' lang='lat' dir='ltr'>nisi</span> <span class='ocrx_word' id='word_1_136' title='bbox 1022 1964 1170 2026; x_wconf 88' lang='lat' dir='ltr'>omnibus</span> <span class='ocrx_word' id='word_1_137' title='bbox 1197 1967 1279 2026; x_wconf 90' lang='lat' dir='ltr'>inter</span> 
     </span>
     <span class='ocr_line' id='line_1_18' title="bbox 157 2065 1276 2145; baseline 0 -19"><span class='ocrx_word' id='word_1_138' title='bbox 157 2086 193 2128; x_wconf 90' lang='lat' dir='ltr'>se</span> <span class='ocrx_word' id='word_1_139' title='bbox 215 2067 410 2145; x_wconf 90' lang='lat' dir='ltr'>comparatis</span> <span class='ocrx_word' id='word_1_140' title='bbox 433 2065 556 2145; x_wconf 90' lang='lat' dir='ltr'>linguis,</span> <span class='ocrx_word' id='word_1_141' title='bbox 579 2084 662 2143; x_wconf 89' lang='lat' dir='ltr'>quae</span> <span class='ocrx_word' id='word_1_142' title='bbox 685 2085 727 2125; x_wconf 89' lang='lat' dir='ltr'>ex</span> <span class='ocrx_word' id='word_1_143' title='bbox 749 2065 1012 2144; x_wconf 89' lang='lat' dir='ltr'>indogermanica</span> <span class='ocrx_word' id='word_1_144' title='bbox 1039 2075 1276 2128; x_wconf 86' lang='lat' dir='ltr'>emanaverunt.</span> 
     </span>
     <span class='ocr_line' id='line_1_19' title="bbox 159 2166 1278 2248; baseline 0.001 -19"><span class='ocrx_word' id='word_1_145' title='bbox 159 2167 329 2230; x_wconf 90' lang='lat' dir='ltr'>Graecae</span> <span class='ocrx_word' id='word_1_146' title='bbox 361 2169 445 2230; x_wconf 91' lang='lat' dir='ltr'>enim</span> <span class='ocrx_word' id='word_1_147' title='bbox 476 2166 603 2246; x_wconf 87' lang='lat' dir='ltr'>linguae</span> <span class='ocrx_word' id='word_1_148' title='bbox 633 2167 731 2247; x_wconf 86' lang='lat' dir='ltr'>solius</span> <span class='ocrx_word' id='word_1_149' title='bbox 763 2169 887 2228; x_wconf 86' lang='lat' dir='ltr'>ratione</span> <span class='ocrx_word' id='word_1_150' title='bbox 922 2167 1043 2243; x_wconf 89' lang='lat' dir='ltr'>habita,</span> <span class='ocrx_word' id='word_1_151' title='bbox 1073 2167 1215 2248; x_wconf 84' lang='lat' dir='ltr'>perlecta</span> <span class='ocrx_word' id='word_1_152' title='bbox 1246 2177 1278 2230; x_wconf 90' lang='lat' dir='ltr'>et</span> 
     </span>
     <span class='ocr_line' id='line_1_20' title="bbox 158 2271 1279 2335; baseline -0.001 -3"><span class='ocrx_word' id='word_1_153' title='bbox 158 2273 308 2335; x_wconf 90' lang='lat' dir='ltr'>iterativa</span> <span class='ocrx_word' id='word_1_154' title='bbox 337 2279 370 2333; x_wconf 93' lang='lat' dir='ltr'>et</span> <span class='ocrx_word' id='word_1_155' title='bbox 395 2272 553 2332; x_wconf 89' lang='lat' dir='ltr'>intensiva</span> <span class='ocrx_word' id='word_1_156' title='bbox 585 2272 739 2332; x_wconf 89' lang='lat' dir='ltr'>instructa</span> <span class='ocrx_word' id='word_1_157' title='bbox 769 2271 900 2331; x_wconf 90' lang='lat' dir='ltr'>notione</span> <span class='ocrx_word' id='word_1_158' title='bbox 931 2278 1100 2331; x_wconf 90' lang='lat' dir='ltr'>occurrunt</span> <span class='ocrx_word' id='word_1_159' title='bbox 1128 2291 1187 2332; x_wconf 90' lang='lat' dir='ltr'>nec</span> <span class='ocrx_word' id='word_1_160' title='bbox 1213 2291 1279 2331; x_wconf 90' lang='lat' dir='ltr'>non</span> 
     </span>
     <span class='ocr_line' id='line_1_21' title="bbox 159 2371 1277 2453; baseline -0.001 -20"><span class='ocrx_word' id='word_1_161' title='bbox 159 2393 241 2452; x_wconf 90' lang='lat' dir='ltr'>quae</span> <span class='ocrx_word' id='word_1_162' title='bbox 263 2374 304 2434; x_wconf 94' lang='lat' dir='ltr'>ad</span> <span class='ocrx_word' id='word_1_163' title='bbox 328 2381 495 2453; x_wconf 91' lang='lat' dir='ltr'>utramque</span> <span class='ocrx_word' id='word_1_164' title='bbox 516 2374 683 2434; x_wconf 89' lang='lat' dir='ltr'>notionem</span> <span class='ocrx_word' id='word_1_165' title='bbox 707 2371 771 2434; x_wconf 85' lang='lat' dir='ltr'>sere</span> <span class='ocrx_word' id='word_1_166' title='bbox 794 2373 948 2434; x_wconf 87' lang='lat' dir='ltr'>accedere</span> <span class='ocrx_word' id='word_1_167' title='bbox 966 2373 1120 2444; x_wconf 89' lang='lat' dir='ltr'>videntur,</span> <span class='ocrx_word' id='word_1_168' title='bbox 1144 2381 1179 2433; x_wconf 93' lang='lat' dir='ltr'>ut</span> <span class='ocrx_word' id='word_1_169' title='bbox 1200 2371 1277 2434; x_wconf 92' lang='lat' dir='ltr'>nihil</span> 
     </span>
     <span class='ocr_line' id='line_1_22' title="bbox 160 2472 1278 2555; baseline 0.001 -20"><span class='ocrx_word' id='word_1_170' title='bbox 160 2474 397 2555; x_wconf 85' lang='lat' dir='ltr'>disceptaveris.</span> <span class='ocrx_word' id='word_1_171' title='bbox 428 2475 543 2554; x_wconf 88' lang='lat' dir='ltr'>Atque</span> <span class='ocrx_word' id='word_1_172' title='bbox 559 2476 688 2553; x_wconf 86' lang='lat' dir='ltr'>egregie</span> <span class='ocrx_word' id='word_1_173' title='bbox 707 2473 890 2535; x_wconf 88' lang='lat' dir='ltr'>Lobeckius</span> <span class='ocrx_word' id='word_1_174' title='bbox 913 2472 1023 2553; x_wconf 85' lang='lat' dir='ltr'>(Elem.</span> <span class='ocrx_word' id='word_1_175' title='bbox 1047 2474 1068 2547; x_wconf 92' lang='lat' dir='ltr'>l,</span> <span class='ocrx_word' id='word_1_176' title='bbox 1095 2475 1174 2553; x_wconf 86' lang='lat'>175),</span> <span class='ocrx_word' id='word_1_177' title='bbox 1196 2494 1278 2553; x_wconf 92' lang='lat' dir='ltr'>quae</span> 
     </span>
     <span class='ocr_line' id='line_1_23' title="bbox 160 2575 1278 2656; baseline 0 -20"><span class='ocrx_word' id='word_1_178' title='bbox 160 2585 209 2638; x_wconf 92' lang='lat' dir='ltr'>est</span> <span class='ocrx_word' id='word_1_179' title='bbox 231 2577 298 2637; x_wconf 90' lang='lat' dir='ltr'>eius</span> <span class='ocrx_word' id='word_1_180' title='bbox 326 2575 487 2656; x_wconf 88' lang='lat' dir='ltr'>elegantia</span> <span class='ocrx_word' id='word_1_181' title='bbox 516 2577 693 2646; x_wconf 89' lang='lat' dir='ltr'>doctrinae,</span> <span class='ocrx_word' id='word_1_182' title='bbox 718 2577 888 2654; x_wconf 89' lang='lat' dir='ltr'>descripsit</span> <span class='ocrx_word' id='word_1_183' title='bbox 910 2577 1076 2636; x_wconf 90' lang='lat' dir='ltr'>notionem</span> <span class='ocrx_word' id='word_1_184' title='bbox 1099 2577 1278 2637; x_wconf 88' lang='lat' dir='ltr'>iterativam</span> 
     </span>
     <span class='ocr_line' id='line_1_24' title="bbox 159 2675 1280 2752; baseline 0 -15"><span class='ocrx_word' id='word_1_185' title='bbox 159 2675 222 2737; x_wconf 92' lang='lat' dir='ltr'>hoc</span> <span class='ocrx_word' id='word_1_186' title='bbox 245 2678 357 2738; x_wconf 90' lang='lat' dir='ltr'>modo:</span> <span class='ocrx_word' id='word_1_187' title='bbox 379 2675 476 2752; x_wconf 87' lang='lat' dir='ltr'>„haec</span> <span class='ocrx_word' id='word_1_188' title='bbox 498 2679 662 2738; x_wconf 91' lang='lat' dir='ltr'>nominum</span> <span class='ocrx_word' id='word_1_189' title='bbox 681 2675 769 2738; x_wconf 89' lang='lat' dir='ltr'>fictio</span> <span class='ocrx_word' id='word_1_190' title='bbox 793 2697 856 2737; x_wconf 90' lang='lat' dir='ltr'>non</span> <span class='ocrx_word' id='word_1_191' title='bbox 880 2676 985 2738; x_wconf 92' lang='lat' dir='ltr'>solum</span> <span class='ocrx_word' id='word_1_192' title='bbox 1008 2678 1170 2738; x_wconf 85' lang='lat' dir='ltr'>imitandis</span> <span class='ocrx_word' id='word_1_193' title='bbox 1193 2678 1280 2737; x_wconf 92' lang='lat' dir='ltr'>sonis</span> 
     </span>
     <span class='ocr_line' id='line_1_25' title="bbox 159 2770 1279 2862; baseline 0 -24"><span class='ocrx_word' id='word_1_194' title='bbox 159 2778 341 2839; x_wconf 91' lang='lat' dir='ltr'>introducta</span> <span class='ocrx_word' id='word_1_195' title='bbox 359 2786 416 2852; x_wconf 90' lang='lat' dir='ltr'>est,</span> <span class='ocrx_word' id='word_1_196' title='bbox 435 2798 519 2858; x_wconf 87' lang='lat' dir='ltr'>quae</span> <span class='ocrx_word' id='word_1_197' title='bbox 537 2776 652 2840; x_wconf 92' lang='lat' dir='ltr'>Graeci</span> <span class='ocrx_word' id='word_1_198' title='bbox 671 2773 837 2860; x_wconf 79' lang='grc' dir='ltr'><em>ἰδιώματα</em></span> <span class='ocrx_word' id='word_1_199' title='bbox 856 2770 941 2862; x_wconf 78' lang='grc' dir='ltr'><strong><em>ἤχου</em></strong></span> <span class='ocrx_word' id='word_1_200' title='bbox 959 2786 1086 2850; x_wconf 90' lang='lat' dir='ltr'>vocant,</span> <span class='ocrx_word' id='word_1_201' title='bbox 1105 2779 1162 2839; x_wconf 90' lang='lat' dir='ltr'>sed</span> <span class='ocrx_word' id='word_1_202' title='bbox 1181 2779 1279 2839; x_wconf 91' lang='lat' dir='ltr'>etiam</span> 
     </span>
     <span class='ocr_line' id='line_1_26' title="bbox 161 2878 1282 2960; baseline 0 -20"><span class='ocrx_word' id='word_1_203' title='bbox 161 2878 332 2940; x_wconf 88' lang='lat' dir='ltr'>motibus</span> <span class='ocrx_word' id='word_1_204' title='bbox 359 2900 472 2953; x_wconf 90' lang='lat' dir='ltr'>rerum,</span> <span class='ocrx_word' id='word_1_205' title='bbox 503 2901 584 2960; x_wconf 90' lang='lat' dir='ltr'>quae</span> <span class='ocrx_word' id='word_1_206' title='bbox 612 2900 675 2941; x_wconf 90' lang='lat' dir='ltr'>uno</span> <span class='ocrx_word' id='word_1_207' title='bbox 702 2887 815 2942; x_wconf 90' lang='lat' dir='ltr'>tenore</span> <span class='ocrx_word' id='word_1_208' title='bbox 843 2879 956 2940; x_wconf 90' lang='lat' dir='ltr'>oculos</span> <span class='ocrx_word' id='word_1_209' title='bbox 983 2879 1124 2940; x_wconf 89' lang='lat' dir='ltr'>crebrius</span> <span class='ocrx_word' id='word_1_210' title='bbox 1155 2878 1282 2953; x_wconf 82' lang='lat' dir='ltr'>feriunt3</span> 
     </span>
     <span class='ocr_line' id='line_1_27' title="bbox 161 2980 1282 3063; baseline 0 -21"><span class='ocrx_word' id='word_1_211' title='bbox 161 2982 248 3060; x_wconf 90' lang='lat' dir='ltr'>quod</span> <span class='ocrx_word' id='word_1_212' title='bbox 270 3001 371 3062; x_wconf 88' lang='lat' dir='ltr'>genus</span> <span class='ocrx_word' id='word_1_213' title='bbox 393 2983 589 3063; x_wconf 89' lang='lat' dir='ltr'>anadiplosis</span> <span class='ocrx_word' id='word_1_214' title='bbox 611 2984 864 3043; x_wconf 87' lang='lat' dir='ltr'>continuativum</span> <span class='ocrx_word' id='word_1_215' title='bbox 883 2982 935 3044; x_wconf 89' lang='lat' dir='ltr'>vel</span> <span class='ocrx_word' id='word_1_216' title='bbox 957 2980 1225 3061; x_wconf 82' lang='lat' dir='ltr'>frequentativum</span> <span class='ocrx_word' id='word_1_217' title='bbox 1249 2989 1282 3042; x_wconf 90' lang='lat' dir='ltr'>et</span> 
     </span>
     <span class='ocr_line' id='line_1_28' title="bbox 160 3083 1282 3165; baseline 0.001 -22"><span class='ocrx_word' id='word_1_218' title='bbox 160 3083 350 3144; x_wconf 89' lang='lat' dir='ltr'>intentivum</span> <span class='ocrx_word' id='word_1_219' title='bbox 359 3084 523 3165; x_wconf 88' lang='lat' dir='ltr'>appellare</span> <span class='ocrx_word' id='word_1_220' title='bbox 532 3103 712 3165; x_wconf 86' lang='lat' dir='ltr'>possumus.</span> <span class='ocrx_word' id='word_1_221' title='bbox 735 3085 770 3145; x_wconf 93' lang='lat' dir='ltr'>ln</span> <span class='ocrx_word' id='word_1_222' title='bbox 785 3084 847 3146; x_wconf 94' lang='lat' dir='ltr'>hoc</span> <span class='ocrx_word' id='word_1_223' title='bbox 856 3087 994 3165; x_wconf 93' lang='lat' dir='ltr'>primum</span> <span class='ocrx_word' id='word_1_224' title='bbox 1010 3083 1210 3145; x_wconf 90' lang='lat' dir='ltr'>inveniuntur</span> <span class='ocrx_word' id='word_1_225' title='bbox 1224 3104 1282 3144; x_wconf 91' lang='lat' dir='ltr'>vo·</span> 
     </span>
     <span class='ocr_line' id='line_1_29' title="bbox 161 3184 1280 3267; baseline 0.002 -22"><span class='ocrx_word' id='word_1_226' title='bbox 161 3184 275 3246; x_wconf 90' lang='lat' dir='ltr'>cabula</span> <span class='ocrx_word' id='word_1_227' title='bbox 283 3186 444 3247; x_wconf 88' lang='lat' dir='ltr'>actionum</span> <span class='ocrx_word' id='word_1_228' title='bbox 460 3207 542 3266; x_wconf 89' lang='lat' dir='ltr'>quae</span> <span class='ocrx_word' id='word_1_229' title='bbox 552 3207 616 3247; x_wconf 93' lang='lat' dir='ltr'>non</span> <span class='ocrx_word' id='word_1_230' title='bbox 632 3207 695 3247; x_wconf 91' lang='lat' dir='ltr'>uno</span> <span class='ocrx_word' id='word_1_231' title='bbox 711 3188 801 3266; x_wconf 91' lang='lat' dir='ltr'>quasi</span> <span class='ocrx_word' id='word_1_232' title='bbox 816 3188 881 3247; x_wconf 92' lang='lat' dir='ltr'>ictu</span> <span class='ocrx_word' id='word_1_233' title='bbox 899 3185 1113 3267; x_wconf 88' lang='lat' dir='ltr'>perficiuntur,</span> <span class='ocrx_word' id='word_1_234' title='bbox 1128 3186 1187 3248; x_wconf 91' lang='lat' dir='ltr'>sed</span> <span class='ocrx_word' id='word_1_235' title='bbox 1202 3206 1280 3266; x_wconf 90' lang='lat' dir='ltr'>quo-</span> 
     </span>
     <span class='ocr_line' id='line_1_30' title="bbox 162 3282 1281 3366; baseline 0.004 -19"><span class='ocrx_word' id='word_1_236' title='bbox 162 3287 339 3349; x_wconf 93' lang='lat' dir='ltr'>dammodo</span> <span class='ocrx_word' id='word_1_237' title='bbox 362 3295 466 3350; x_wconf 92' lang='lat' dir='ltr'>tractu</span> <span class='ocrx_word' id='word_1_238' title='bbox 485 3291 637 3350; x_wconf 91' lang='lat' dir='ltr'>continuo</span> <span class='ocrx_word' id='word_1_239' title='bbox 659 3290 831 3362; x_wconf 88' lang='lat' dir='ltr'>decurrunt</span> <span class='ocrx_word' id='word_1_240' title='bbox 850 3286 938 3365; x_wconf 79' lang='grc' dir='ltr'><strong><em>εἰλῶ,</em></strong></span> <span class='ocrx_word' id='word_1_241' title='bbox 956 3288 1083 3366; x_wconf 66' lang='lat' dir='ltr'>illelom,</span> <span class='ocrx_word' id='word_1_242' title='bbox 1095 3286 1182 3352; x_wconf 86' lang='grc' dir='ltr'><em>κατὰ</em></span> <span class='ocrx_word' id='word_1_243' title='bbox 1201 3282 1281 3352; x_wconf 73' lang='grc' dir='ltr'><em>ἄνα-</em></span> 
     </span>
     <span class='ocr_line' id='line_1_31' title="bbox 162 3387 1282 3472; baseline -0.001 -21"><span class='ocrx_word' id='word_1_244' title='bbox 162 3387 406 3472; x_wconf 76' lang='grc' dir='ltr'><em>διπλασιασμοῦ</em></span> <span class='ocrx_word' id='word_1_245' title='bbox 429 3387 592 3455; x_wconf 76' lang='grc' dir='ltr'><strong><em>ἐλελίσσω.</em></strong></span> <span class='ocrx_word' id='word_1_246' title='bbox 634 3390 718 3451; x_wconf 90' lang='lat' dir='ltr'>Huic</span> <span class='ocrx_word' id='word_1_247' title='bbox 739 3409 803 3450; x_wconf 94' lang='lat' dir='ltr'>non</span> <span class='ocrx_word' id='word_1_248' title='bbox 823 3389 1008 3451; x_wconf 89' lang='lat' dir='ltr'>dissimilem</span> <span class='ocrx_word' id='word_1_249' title='bbox 1030 3392 1195 3451; x_wconf 91' lang='lat' dir='ltr'>notionem</span> <span class='ocrx_word' id='word_1_250' title='bbox 1213 3389 1282 3450; x_wconf 94' lang='lat' dir='ltr'>vol·</span> 
     </span>
     <span class='ocr_line' id='line_1_32' title="bbox 161 3489 1283 3571; baseline -0.001 -20"><span class='ocrx_word' id='word_1_251' title='bbox 161 3491 258 3551; x_wconf 90' lang='lat' dir='ltr'>vendi</span> <span class='ocrx_word' id='word_1_252' title='bbox 286 3489 384 3552; x_wconf 89' lang='lat' dir='ltr'>habet</span> <span class='ocrx_word' id='word_1_253' title='bbox 411 3491 560 3555; x_wconf 75' lang='grc' dir='ltr'><em>κίκιννοι</em></span> <span class='ocrx_word' id='word_1_254' title='bbox 584 3492 654 3553; x_wconf 92' lang='lat' dir='ltr'>cirri</span> <span class='ocrx_word' id='word_1_255' title='bbox 681 3492 777 3571; x_wconf 86' lang='lat' dir='ltr'>crispi</span> <span class='ocrx_word' id='word_1_256' title='bbox 804 3490 955 3552; x_wconf 88' lang='lat' dir='ltr'>undulati.</span> <span class='ocrx_word' id='word_1_257' title='bbox 999 3490 1058 3551; x_wconf 93' lang='lat' dir='ltr'>His</span> <span class='ocrx_word' id='word_1_258' title='bbox 1082 3492 1186 3551; x_wconf 91' lang='lat' dir='ltr'>vicina</span> <span class='ocrx_word' id='word_1_259' title='bbox 1210 3498 1283 3551; x_wconf 89' lang='lat' dir='ltr'>sunt</span> 
     </span>
     <span class='ocr_line' id='line_1_33' title="bbox 162 3591 1282 3673; baseline 0 -21"><span class='ocrx_word' id='word_1_260' title='bbox 162 3591 262 3653; x_wconf 88' lang='lat' dir='ltr'>verba</span> <span class='ocrx_word' id='word_1_261' title='bbox 290 3591 473 3653; x_wconf 89' lang='lat' dir='ltr'>terebrandi</span> <span class='ocrx_word' id='word_1_262' title='bbox 507 3600 540 3653; x_wconf 89' lang='lat' dir='ltr'>et</span> <span class='ocrx_word' id='word_1_263' title='bbox 572 3591 772 3673; x_wconf 85' lang='lat' dir='ltr'>perforendi,</span> <span class='ocrx_word' id='word_1_264' title='bbox 805 3594 922 3654; x_wconf 89' lang='lat' dir='ltr'>deinde</span> <span class='ocrx_word' id='word_1_265' title='bbox 955 3594 1113 3654; x_wconf 89' lang='lat' dir='ltr'>tremendi</span> <span class='ocrx_word' id='word_1_266' title='bbox 1148 3591 1282 3655; x_wconf 91' lang='lat' dir='ltr'>verbum</span> 
     </span>
     <span class='ocr_line' id='line_1_34' title="bbox 162 3695 396 3777; baseline 0 -19"><span class='ocrx_word' id='word_1_267' title='bbox 162 3695 396 3777; x_wconf 55' lang='lat' dir='ltr'>telonarios</span> 
     </span>
    </p>

    <p class='ocr_par' dir='ltr' id='par_1_4' title="bbox 163 3795 1283 3978">
     <span class='ocr_line' id='line_1_35' title="bbox 175 3795 1283 3876; baseline -0.003 -19"><span class='ocrx_word' id='word_1_268' title='bbox 175 3864 179 3869; x_wconf 55' lang='grc'><em>,</em></span> <span class='ocrx_word' id='word_1_269' title='bbox 247 3796 360 3875; x_wconf 89' lang='lat' dir='ltr'>Atque</span> <span class='ocrx_word' id='word_1_270' title='bbox 379 3804 492 3857; x_wconf 87' lang='lat' dir='ltr'>extant</span> <span class='ocrx_word' id='word_1_271' title='bbox 518 3797 596 3857; x_wconf 88' lang='lat' dir='ltr'>satis</span> <span class='ocrx_word' id='word_1_272' title='bbox 614 3795 713 3857; x_wconf 88' lang='lat' dir='ltr'>multa</span> <span class='ocrx_word' id='word_1_273' title='bbox 730 3795 873 3876; x_wconf 84' lang='lat' dir='ltr'>perfecta</span> <span class='ocrx_word' id='word_1_274' title='bbox 889 3797 973 3875; x_wconf 91' lang='lat' dir='ltr'>apud</span> <span class='ocrx_word' id='word_1_275' title='bbox 989 3795 1178 3870; x_wconf 90' lang='lat' dir='ltr'>Homerum,</span> <span class='ocrx_word' id='word_1_276' title='bbox 1200 3813 1283 3874; x_wconf 91' lang='lat' dir='ltr'>quae</span> 
     </span>
     <span class='ocr_line' id='line_1_36' title="bbox 163 3895 1282 3978; baseline 0.001 -21"><span class='ocrx_word' id='word_1_277' title='bbox 163 3895 224 3958; x_wconf 89' lang='lat' dir='ltr'>hac</span> <span class='ocrx_word' id='word_1_278' title='bbox 242 3899 388 3959; x_wconf 86' lang='lat' dir='ltr'>iterativa</span> <span class='ocrx_word' id='word_1_279' title='bbox 405 3906 459 3959; x_wconf 91' lang='lat' dir='ltr'>aut</span> <span class='ocrx_word' id='word_1_280' title='bbox 478 3897 711 3978; x_wconf 83' lang='lat' dir='ltr'>frequentativa</span> <span class='ocrx_word' id='word_1_281' title='bbox 729 3907 764 3960; x_wconf 90' lang='lat' dir='ltr'>ut</span> <span class='ocrx_word' id='word_1_282' title='bbox 782 3900 859 3960; x_wconf 91' lang='lat' dir='ltr'>dicit</span> <span class='ocrx_word' id='word_1_283' title='bbox 877 3897 1061 3960; x_wconf 86' lang='lat' dir='ltr'>Lobeckius</span> <span class='ocrx_word' id='word_1_284' title='bbox 1083 3898 1128 3959; x_wconf 93' lang='lat' dir='ltr'>uti</span> <span class='ocrx_word' id='word_1_285' title='bbox 1150 3898 1282 3958; x_wconf 89' lang='lat' dir='ltr'>notione</span> 
     </span>
    </p>
   </div>
   <div class='ocr_carea' id='block_1_4' title="bbox 0 0 1482 4566">
    <p class='ocr_par' dir='ltr' id='par_1_5' title="bbox 0 0 1482 4566">
     <span class='ocr_line' id='line_1_37' title="bbox 0 0 1482 4566; baseline 0 0"><span class='ocrx_word' id='word_1_286' title='bbox 0 0 1482 4566; x_wconf 95' lang='lat' dir='ltr'> </span> 
     </span>
    </p>
   </div>
  </div>
 </body>
</html>
