2940 4566
653 313 998 398 -67-.

200 480 241 540 ad
264 479 347 542 hanc
369 481 637 561 significationem
658 480 885 563 explicandam
909 484 951 546 de
969 483 1071 546 verbo
1090 479 1196 548 ἀλύωε
1220 483 1324 568 δηλοῦ

199 583 254 645 καί
278 580 319 646 τδ
332 585 446 666 χαίρω,
469 580 515 659 ὡς
537 583 598 649 cd>
614 573 653 669 ,,ἧ
671 579 783 660 ἀλύεις
806 576 860 650 ὅτι
878 574 964 669 ἴΙρον
986 585 1139 670 ἐνίκησας
1161 584 1223 650 τδν
1246 581 1323 670 ἀλή-

200 687 280 767 την“
310 686 340 764 <o
363 688 435 766 333)
457 686 512 750 καὶ
543 690 648 750 τοῦτο
670 684 762 769 ιιαρά
785 684 826 751 τὸ
849 680 931 768 ἀλαί,
953 684 994 752 τὸ
1021 691 1150 751 πλανω.
1182 690 1323 752 πλανῶν

167 869 171 877 ι
201 785 340 870 τοιγὰρ
370 788 427 853 καὶ
456 792 529 853 ταίν
558 784 749 872 χαιρόντων
781 786 814 864 αἱ
836 781 966 871 ornulfi
1017 788 1199 852 Referenda
1229 790 1325 869 igitur

200 889 348 952 videntur
370 890 451 953 haec
472 891 573 954 verba
603 892 645 953 ad
668 892 809 954 radicem
841 890 928 952 illam
952 892 1248 972 indogermanicam
1272 911 1324 967 ar,

199 1011 295 1070 quarn
319 995 350 1054 in
374 992 498 1056 Graeca
526 993 634 1074 lingua
657 1014 729 1055 cum
761 995 888 1056 diversa
917 994 1048 1056 notione
1071 1003 1228 1057 mutatam
1252 1015 1322 1056 esse

198 1095 229 1154 in
253 1088 294 1176 ἀρ
318 1089 513 1178 (ἀραρίοκω)
546 1089 588 1159 ἀλ
611 1089 776 1180 (ἀλοίομαι)
807 1089 847 1177 ὀρ
871 1088 1012 1179 (ἀρνομι)
1043 1095 1079 1178 ἐρ
1103 1093 1259 1179 (ἔρχομαι)
1286 1095 1322 1161 ἐλ

198 1192 355 1276 έλαύνωῖ)
379 1199 514 1278 exponit
537 1195 664 1259 Curtius
687 1197 822 1277 (Etym.3
848 1198 928 1278 509).
973 1198 1041 1260 lam
1065 1206 1192 1261 veteres
1215 1218 1322 1278 gram·

199 1299 336 1359 maticos
359 1298 400 1360 ab
424 1300 540 1361 eadem
556 1299 663 1361 radice
678 1299 824 1380 proiecta
843 1320 915 1362 esse
933 1298 1033 1362 verba
1052 1293 1155 1377 ἀλύω,
1178 1293 1321 1377 ἀλύσσω,

198 1392 259 1482 ἀλη
283 1402 494 1477 existimasse,
517 1400 621 1464 elucet
645 1422 688 1464 ex
710 1399 839 1463 scholiis
863 1402 905 1464 ad
929 1405 960 1466 Ε
982 1415 1050 1481 352,
1074 1417 1092 1465 σ
1116 1417 1175 1481 333
1199 1395 1321 1480 (ἀλύεις

197 1495 273 1564 ἀντὶ
300 1506 365 1566 τοῦ
386 1504 524 1586 χαίρεις·
547 1501 631 1568 ίνιοι
654 1501 691 1568 δὲ
713 1502 751 1568 ἐν
774 1496 837 1585 ἀλη
859 1503 915 1567 καὶ
933 1499 1074 1586 θορύβω
1093 1506 1154 1588 τῆς
1171 1502 1322 1577 διανοίας

196 1604 425 1689 καθέστηκας).
479 1604 626 1686 Quorum
658 1607 767 1668 radice
797 1607 937 1686 primum
967 1614 1075 1668 motus
1097 1606 1228 1685 quidam
1251 1624 1319 1667 cor-

195 1707 283 1786 poris
306 1707 484 1770 vacillantis
507 1709 698 1787 exprimitur
719 1705 757 1768 cs.
781 1729 792 1769 ι
816 1709 876 1786 398

325 1805 471 1892 (μοχλόν)
487 1806 549 1872 τὸν
566 1809 629 1891 μὲν
652 1800 756 1872 ’ἔκειτ’
775 1803 916 1891 ἔρρεψεν
943 1801 1010 1871 ἀπὸ
1031 1803 1066 1872 ἕο
1078 1808 1190 1890 χερσὶν
1206 1803 1320 1872 ἀλύων

196 1908 353 1989 (scholion
375 1930 529 1990 perverse
563 1910 696 1990 expedit
722 1908 806 1971 hunc
836 1911 975 1989 versum)
1006 1908 1127 1990 Hymn.
1150 1911 1181 1971 in
1203 1908 1318 1971 Bacch.

198 2024 232 2089 51
252 2047 295 2055 -
313 2007 345 2075 οἱ
369 2010 404 2075 δὲ
427 2008 554 2095 θύραζε
577 2009 684 2077 κακὸν
705 2007 814 2095 μόρον
836 2007 1033 2091 ἐξαλύοντες

193 2108 320 2188 πάντες
343 2109 436 2197 ὁμῶς
456 2109 618 2200 πήδησαν.

282 2215 345 2298 Qui
363 2226 480 2291 motus,
499 2217 596 2279 etiam
615 2217 657 2279 ad
675 2218 817 2279 animum
836 2215 978 2292 refertur,
1001 2224 1073 2280 uto
1091 2232 1150 2296 333
1168 2205 1187 2280 ί
1207 2210 1319 2292 ἀλύεις

195 2308 249 2381 ὅτι
276 2307 371 2403 Ἶρον
400 2318 552 2403 ἐνίκησας
582 2321 810 2400 (,,τιλανο5νται
847 2317 909 2404 γὰρ
940 2319 996 2383 καὶ
1037 2321 1108 2383 τῶν
1136 2314 1318 2401 χαιρόντον

193 2421 343 2501 uolam)
375 2430 527 2501 certeque
562 2423 700 2503 exprimi
731 2423 859 2485 videtur
894 2420 1040 2503 perfecto
1080 2414 1315 2505 ἀλαλύκτημαι.

193 2521 306 2584 Potest
336 2525 432 2604 igitur
463 2525 727 2604 commodissime
758 2527 937 2607 comparari
974 2545 1047 2587 curn
1078 2523 1199 2602 δείδια,
1229 2525 1316 2586 cuius

194 2626 334 2688 radicem
370 2646 472 2707 aeque
505 2638 630 2690 motum
662 2630 805 2709 corporis
837 2627 1034 2708 significasse
1063 2629 1211 2708 primum,
1250 2627 1314 2688 iarn

193 2748 289 2808 supra
298 2730 448 2804 vidimus;
467 2738 522 2792 aut
540 2750 613 2792 cum
629 2730 871 2815 πεφοβημένος,
881 2732 969 2810 quod
979 2730 1110 2809 quidem
1120 2729 1163 2790 ad
1172 2730 1313 2790 animum

192 2832 334 2892 nondum
374 2833 534 2913 pertinere
573 2834 659 2912 apud
689 2832 889 2910 Homerum,
920 2832 1099 2894 rectissime
1129 2830 1316 2892 observavit

193 2930 401 2995 Aristarchus
423 2933 538 3014 (Lehrs
561 2934 678 2996 Arist.²
701 2935 762 3014 75).

319 3031 547 3117 κεχόλωται

321 3161 341 3200 α
363 3139 405 3217 69
428 3134 649 3218 (Ποσειδάων)
672 3133 862 3211 Κύκλωπος
884 3136 1068 3219 κέχολωται

319 3243 349 3304 Λ
371 3254 434 3320 704
456 3242 527 3304 τοῖν
550 3236 569 3304 δ
591 3240 701 3324 γέρων
722 3239 832 3304 ἐπέων
852 3238 1080 3323 κεχολωμένος

454 3351 512 3404 etc.
534 3343 700 3425 χολωθείς
721 3344 763 3405 de
784 3344 989 3424 repentino
1013 3340 1112 3405 sacto:
1140 3344 1172 3406 Ψ
1191 3343 1230 3403 88

317 3444 541 3529 λελιημένος

267 3610 270 3616 ,
319 3547 344 3609 Δ
366 3547 426 3632 4ῷ5
453 3543 526 3612 ἕλκε
549 3542 580 3611 δ’
604 3543 689 3612 ὑπὲκ
711 3547 836 3628 βελέων
858 3547 1048 3632 λελιημένος
1070 3540 1160 3630 ὄφρα
1180 3540 1310 3628 τάχισια

317 3645 437 3730 τεύχεα
459 3645 607 3735 συλήσειε
629 3650 672 3730 (Ε
690 3649 754 3730 690
775 3654 816 3715 M
838 3651 897 3712 106
918 3651 954 3714 11
974 3651 1055 3729 552).

275 3750 376 3813 Notio
407 3752 449 3814 ad
478 3757 631 3834 praesens
660 3762 789 3833 tempus
818 3754 966 3833 pertinet,
996 3751 1055 3814 sed
1084 3750 1191 3827 differt
1230 3770 1308 3830 quo-

190 3854 369 3915 dammodo
399 3857 572 3919 anotione
603 3857 788 3936 praesentis
832 3853 1000 3935 Significat
1028 3853 1111 3916 enim
1141 3853 1308 3935 λιλαίομαι

189 3959 293 4037 ipsam
317 3958 478 4019 actionem
509 3957 667 4039 capiendi,
696 3967 731 4019 ut
753 3958 795 4019 ad
825 3957 902 4036 quid
931 3957 1091 4038 pertineat
1120 3953 1200 4017 haec
1222 3955 1307 4017 actio

947 4109 951 4118 .
1047 4055 1079 4122 5*
