2940 4566
542 248 865 357 .-324

175 449 413 525 dissertatione,
439 467 553 509 omnes
578 446 711 527 perfecti
739 446 861 510 formae
889 449 1039 509 omnibus
1070 448 1149 510 locis
1168 449 1295 528 'quibus

175 558 288 611 extant
318 552 403 630 apud
435 549 614 609 Homerum
646 549 862 628 inspiciendae
888 558 974 622 sunt,
1004 556 1051 623 ut,
1083 551 1165 610 sitne
1187 551 1296 611 media

174 651 307 732 perlecti
338 653 497 732 quaedam
528 652 619 712 notio
650 652 730 712 inter
761 652 926 712 notionem
956 653 1135 731 praesentis
1166 660 1199 713 et
1227 653 1296 713 veri

174 752 316 833 perlecti,
339 754 526 814 excutiatur.

408 1113 433 1171 1.
480 1112 537 1170 De
562 1113 722 1169 notione
745 1110 907 1183 perlecti
931 1112 1059 1199 activi.

358 1283 386 1340 1.
407 1279 583 1356 perfectum
607 1276 821 1356 adpraesens
843 1287 963 1358 tempus
983 1287 1108 1358 spectat.

395 1429 437 1490 A.
461 1431 568 1490 notio
591 1431 778 1492 iterativa
800 1451 885 1492 esse
907 1431 1072 1492 videtur.

258 1567 434 1647 Egregium
466 1564 622 1627 Lobeckii
645 1565 893 1645 explicationem
917 1567 1107 1646 quaerentis,
1135 1583 1293 1644 quaenam

173 1671 213 1730 sit
235 1670 284 1729 vis
308 1688 345 1729 ac
368 1676 480 1728 natura
503 1668 643 1728 notionis
662 1669 828 1729 iterativae
846 1669 914 1730 sive
930 1667 1182 1748 frequentativae
1199 1686 1295 1747 supra

173 1773 236 1833 iarn
267 1770 439 1832 attulimus.
484 1768 785 1849 (Lobeclr1elem.l
812 1790 843 1850 p.
869 1771 948 1850 175.)
998 1768 1102 1850 Quam
1130 1769 1296 1829 notionem

173 1893 211 1935 ea
233 1874 376 1934 maxime
395 1870 546 1952 perfecta,
568 1891 650 1950 quae
674 1871 817 1933 derivata
832 1880 905 1933 sunt
924 1892 943 1933 a
961 1870 1069 1932 verbis
1091 1870 1296 1944 vociferandi,

172 1973 327 2055 praebere
349 1992 414 2034 non
436 1982 486 2033 est
509 1972 598 2052 quod
620 1974 780 2034 miremur.
820 1971 1009 2053 Significant
1027 1973 1112 2033 enim
1135 1974 1296 2034 actionem

172 2097 273 2156 „quae
301 2096 365 2136 non
396 2094 460 2135 uno
492 2076 582 2154 quasi
610 2076 674 2135 ictu
700 2073 898 2154 perficitur‘,.
920 2082 955 2135 ut
986 2073 1095 2153 lingua
1125 2075 1294 2135 decursum

173 2179 306 2239 actionis
325 2176 438 2251 forma,
455 2178 569 2238 iterata
587 2177 693 2237 radice
711 2176 812 2250 verbi,
829 2177 954 2237 imitata
969 2173 1035 2236 fere
1050 2175 1295 2254 quodammodo

173 2300 244 2341 esse
261 2279 408 2340 videatur
427 2274 603 2360 (ἰδιώματα
620 2272 715 2362 ἤχου)
737 2276 775 2338 cs.
798 2277 909 2357 Apoll.
927 2276 990 2339 lex.
1014 2278 1114 2351 108,8;
1129 2279 1294 2340 λελακυῖα

173 2379 260 2445 κατὰ
282 2382 418 2464 μίμησιν
441 2383 504 2444 τοῦ
527 2372 611 2464 ἤχου
631 2380 812 2463 πεποίηται
833 2375 853 2464 ἦ
877 2379 971 2457 λέξις.

261 2483 449 2544 Cuiusmodi
472 2480 615 2563 perfecta
636 2484 722 2562 apud
744 2480 926 2543 Homerum
948 2482 1148 2543 inveniuntur
1171 2480 1264 2542 haec:

301 2583 494 2665 lmmv
654 2656 659 2665 .
1336 2567 1339 2572 ’

302 2709 317 2751 ε
339 2702 401 2762 412
425 2679 509 2768 ἀμφὶ
532 2684 568 2749 δὲ
590 2689 679 2768 κῦμα
699 2687 728 2762 β.

302 2793 332 2853 Ρ
352 2790 414 2864 264
437 2789 465 2865 β.
486 2787 569 2870 μέγα
591 2790 679 2869 κῦμα

301 2886 455 2973 βεβρύχει
476 2912 499 2972 μ
523 2905 597 2964 242:
620 2881 704 2970 ἀμφὶ
727 2886 763 2951 δὲ
784 2886 890 2971 πέτρη
913 2885 1025 2953 δεινὸν
1047 2890 1076 2966 β.

261 2993 335 3054 Non
366 3000 458 3054 extat
488 2990 575 3052 aliud
604 2999 732 3071 tempus
759 2989 851 3050 huius
879 2988 969 3052 verbi
996 2990 1082 3070 apud
1104 2990 1294 3063 Homerum,

176 3093 364 3174 quibuscum
388 3093 565 3174 comparari
587 3094 693 3172 possit
714 3090 900 3172 perfectum.

303 3194 459 3277 γέγωνε.

305 3317 320 3359 ε
341 3309 405 3370 400
426 3331 468 3338 -
491 3286 593 3359 ὅσσον
616 3317 652 3359 τε
675 3295 798 3378 γέγωνε
820 3289 944 3377 βοήσας

433 3397 970 3480 =mewffih‘

304 3497 459 3585 γεγωνώς
491 3503 519 3564 Θ
551 3514 610 3578 227
643 3493 744 3582 ἥνσεν
775 3499 811 3563 δὲ
851 3495 1051 3582 διαπρύσιον
1081 3499 1240 3563 Δαναοῖσι
1268 3521 1296 3582 γ.

346 3602 491 3664 similiter
514 3605 625 3679 A275.
651 3600 719 3678 586.
741 3603 783 3664 M
800 3617 864 3680 439
885 3605 922 3664 N
944 3618 1003 3680 149
1024 3604 1055 3664 P
1074 3615 1144 3679 247.

304 3727 329 3784 φ
353 3701 413 3782 368
436 3698 616 3788 ἀπειλήσας
637 3698 791 3786 ἐγεγώνει
813 3707 849 3767 Χ
869 3721 909 3782 34
936 3706 967 3767 Ψ
983 3714 1055 3779 425.

306 3803 995 3889 rmnmmomamtm

263 3905 357 3969 False
379 3905 552 3968 Muellerus
580 3907 710 3986 (syntax
732 3907 761 3967 d.
784 3906 903 3988 griech.
927 3914 1026 3985 temp.
1050 3906 1101 3983 24)
1129 3904 1212 3966 hanc
1235 3902 1298 3965 sor·
