2940 4566
632 315 843 381 ,45-

303 494 323 533 u
342 483 399 549 357
422 464 571 552 οὐρανοῦ
590 466 779 548 ἐξαπόλωλε
802 469 887 552 κακὴ
906 466 939 535 δ’
960 470 1179 558 ἐπιδέδρομεν
1199 469 1299 556 έχλές

175 570 269 649 (mala
290 571 395 650 caligo
417 571 545 633 inducta
566 579 617 633 est
670 570 754 651 nelo).
797 560 905 653 Quare
927 573 959 634 in
976 573 1038 635 hoc
1054 574 1198 656 perfecto
1221 595 1300 655 quo-

174 674 275 734 modo
298 692 340 734 ex
361 673 517 751 intensiva
540 672 671 735 notione
694 673 784 734 notio
807 676 873 736 veri
895 673 1028 755 perlecti
1052 678 1224 754 exoriatur,
1241 677 1298 739 ob·

174 793 337 836 servemus
360 773 442 835 licet

302 885 437 975 ἀνωγα

301 998 335 1058 Κ
358 1008 418 1055 120
435 982 463 1056 οἷ
481 992 581 1077 γέρον
597 987 717 1058 ἀλλοτε
739 993 800 1077 μέν
818 1010 853 1058 οε
877 995 933 1058 καὶ
952 990 1157 1061 ἀντιάαοθαι
1180 991 1297 1080 ε”νονγα

440 1103 500 1156 etc.

173 1212 354 1304 Unde-hoc
375 1212 552 1293 perfectum
574 1212 754 1294 proiectum
773 1215 821 1288 sit,
843 1216 987 1279 nondum
1005 1217 1046 1278 ad
1069 1215 1223 1295 liquidum
1246 1225 1295 1279 est

172 1315 369 1396 perductum.

300 1428 482 1515 βεβάμεν

299 1539 330 1598 Ρ
345 1547 406 1613 359
425 1528 507 1597 ἀλλὰ
516 1527 594 1616 μάλ’
607 1527 689 1617 ἀμςμ>
701 1529 796 1617 αὐτῷ
807 1532 949 1619 βεβάμεν
960 1533 1122 1618 σχεδόθεν
1130 1532 1292 1620 μάχεσθαι

440 1635 530 1698 simil.
558 1648 626 1713 510.

300 1737 332 1810 Ξ
350 1753 412 1816 477
437 1731 521 1821 ἀμφὶ
544 1731 733 1821 κασιγνήτῳ
755 1734 884 1816 βεβαώς

300 1863 314 1904 ε
340 1855 400 1918 130
421 1837 566 1923 τὸνμὲν
589 1836 675 1922 ἐγών
698 1835 828 1902 ἐσάωσα
850 1839 926 1922 περὶ
949 1836 1091 1922 τρόπιος
1112 1843 1265 1918 βεβαῶτα

197 1979 200 1983 ·
299 1945 329 2006 Ω
353 1943 389 2004 81
416 1940 642 2023 (μολυβδαίνῃ)
673 1931 731 2004 έτε
758 1935 833 2004 κατ’
869 1935 1050 2024 ἀγραύλοιο
1081 1936 1162 2018 βοάς
1196 1941 1294 2024 κέρας

1116 2041 1293 2126 ἐμβεβαυῖα

299 2146 330 2208 Α
354 2158 393 2223 37
416 2179 458 2188 —
481 2136 519 2217 ἀς
540 2138 677 2226 Χρύσην
698 2137 924 2226 ἀμφιβέβηκας

416 2241 552 2308 Κάλλαν
575 2267 613 2307 τε

258 2362 366 2444 Quum
389 2363 480 2425 radix
500 2367 543 2443 βα
573 2363 729 2444 significet
751 2364 851 2444 gradi,
884 2361 1063 2444 perfectum
1086 2371 1176 2425 notat
1206 2365 1292 2443 posi-

170 2465 291 2526 tionem
310 2466 452 2547 corporis
470 2465 650 2546 gradiendo
669 2465 823 2530 effectam.
851 2463 1046 2545 Saepissime
1065 2460 1294 2548 ἀμφιβεβάμεν

170 2568 299 2649 proprie
322 2568 435 2629 dicitur
458 2569 499 2630 de
522 2568 641 2641 bestiis,
669 2588 750 2648 quae
772 2568 814 2629 ita
838 2566 1012 2629 defendunt
1035 2567 1167 2646 catulos
1190 2576 1225 2629 ut
1247 2569 1294 2629 di·

153 2670 283 2731 stentis
314 2671 451 2750 pedibus
481 2668 712 2749 amplectentes
753 2689 888 2750 corpore
919 2689 978 2730 suo
1012 2689 1069 2730 eos
1101 2676 1212 2748 tegant
1232 2667 1291 2747 ,(cf.

171 2769 277 2832 Schol.
300 2773 331 2836 Α
355 2774 404 2850 37)
428 2772 515 2851 quod
537 2771 728 2832 describitur
749 2771 835 2851 apud
857 2769 1038 2832 Homerum
1060 2774 1091 2833 P
1106 2792 1140 2843 4:

299 2866 382 2956 ἀμφὶ
406 2866 436 2935 δ’
463 2866 504 2955 ἀρ
529 2867 623 2954 αὐτῷ
645 2867 733 2950 βαῖν’
768 2863 814 2946 ὥς
836 2894 887 2946 τις
909 2870 985 2952 περὶ
1007 2866 1154 2952 πόρτακι
1175 2865 1291 2953 μήτηρ.

255 2990 448 3070 Eodemque
473 2992 572 3052 modo
595 2991 626 3051 in
643 3009 752 3070 pugna
774 3009 910 3069 corpora
941 2986 1189 3061 interfectorum,
1212 3008 1293 3067 quae

170 3091 281 3154 hostes
310 3091 434 3154 auferre
463 3094 601 3166 student,
633 3099 784 3171 teguntur
805 3098 840 3151 ut
868 3090 990 3170 5477.
1036 3087 1144 3169 Quare
1174 3108 1292 3170 pugna,

172 3214 255 3274 quae
269 3196 310 3256 ad
328 3193 511 3257 interlectos
529 3194 750 3256 defendendos
761 3200 877 3255 exorta
895 3201 951 3266 est,
970 3200 1103 3253 vocatur
1116 3184 1293 3274 ἀμφίβαοις

172 3294 209 3356 cf.
232 3299 263 3359 E
282 3298 353 3374 623.

258 3414 350 3496 Quae
373 3434 471 3494 quum
494 3416 537 3475 ita
560 3415 636 3492 sint,
667 3412 746 3474 false
768 3413 863 3473 vertit
885 3411 1023 3474 Vossius
1045 3430 1173 3472 versum
1195 3412 1227 3475 Α
1252 3426 1290 3489 37

172 3517 247 3596 „der
270 3518 313 3578 du
329 3516 454 3596 Chryse
477 3517 534 3576 mit
556 3515 727 3578 silbernem
749 3515 857 3594 bogen
880 3510 1154 3574 umwandelst“
1176 3511 1292 3590 (neque

171 3618 286 3681 rectius
309 3638 410 3698 nuper
432 3616 622 3679 Kuehnerus
646 3615 700 3678 Gr.
723 3616 774 3676 ll.²
797 3636 827 3696 p.
855 3616 924 3694 128)
951 3633 1011 3695 pro
1039 3614 1219 3693 „protegis“
1242 3610 1290 3690 (cf.

171 3718 395 3800 Naegelsbach
426 3718 567 3782 anmerk.
600 3739 625 3780 z.
647 3717 679 3779 ll.
702 3718 733 3781 Α
758 3715 812 3796 37)
842 3715 984 3776 similiter
1007 3713 1191 3792 Aeschylus
1221 3711 1290 3776 δαί·

169 3845 270 3906 μονες
289 3819 293 3905 Ι
313 3816 464 3906 λοτήριοι
486 3815 513 3884 τ’
543 3814 748 3904 ἀμφιβάντες
778 3813 887 3882 πόλιν.
925 3815 1076 3879 Ceterum
1098 3809 1235 3893 βεβάασι
1258 3822 1290 3875 et

170 3926 292 4010 βέβηκα
314 3924 377 3984 iam
399 3921 532 4003 perfecti
554 3943 630 3984 vere
651 3920 838 4002 temporalis
860 3921 1024 3982 notionem
1047 3917 1152 3979 habet.
