<?xml version="1.0" encoding="UTF-8"?>
<!DOCTYPE html PUBLIC "-//W3C//DTD XHTML 1.0 Transitional//EN"
    "http://www.w3.org/TR/xhtml1/DTD/xhtml1-transitional.dtd">
<html xmlns="http://www.w3.org/1999/xhtml" xml:lang="en" lang="en">
 <head>
  <title>
</title>
<meta http-equiv="Content-Type" content="text/html;charset=utf-8" />
  <meta name='ocr-system' content='tesseract 3.04.00' />
  <meta name='ocr-capabilities' content='ocr_page ocr_carea ocr_par ocr_line ocrx_word'/>
</head>
<body>
  <div class='ocr_page' id='page_1' title='image "./quaestionesdepe00loebgoog_0070.png"; bbox 0 0 2940 4566; ppageno 0'>
   <div class='ocr_carea' id='block_1_1' title="bbox 620 282 831 356">
    <p class='ocr_par' dir='ltr' id='par_1_1' title="bbox 620 282 831 356">
     <span class='ocr_line' id='line_1_1' title="bbox 620 282 831 356; baseline -0.009 -31"><span class='ocrx_word' id='word_1_1' title='bbox 620 282 831 356; x_wconf 75' lang='lat'><strong>-64..</strong></span> 
     </span>
    </p>
   </div>
   <div class='ocr_carea' id='block_1_2' title="bbox 296 452 1288 942">
    <p class='ocr_par' dir='ltr' id='par_1_2' title="bbox 296 452 1049 634">
     <span class='ocr_line' id='line_1_2' title="bbox 297 452 480 516; baseline 0 -2"><span class='ocrx_word' id='word_1_2' title='bbox 297 452 480 516; x_wconf 75' lang='grc' dir='ltr'><strong><em>πέποιθα</em></strong></span> 
     </span>
     <span class='ocr_line' id='line_1_3' title="bbox 296 544 1049 634; baseline -0.004 -18"><span class='ocrx_word' id='word_1_3' title='bbox 296 557 333 616; x_wconf 92' lang='grc' dir='ltr'><em>Ν</em></span> <span class='ocrx_word' id='word_1_4' title='bbox 350 555 392 632; x_wconf 89' lang='grc'>96</span> <span class='ocrx_word' id='word_1_5' title='bbox 409 590 450 598; x_wconf 99' lang='grc'>-</span> <span class='ocrx_word' id='word_1_6' title='bbox 468 552 619 616; x_wconf 77' lang='grc' dir='ltr'><strong><em>πέποιθα</em></strong></span> <span class='ocrx_word' id='word_1_7' title='bbox 642 549 844 634; x_wconf 78' lang='grc' dir='ltr'><em>σαωσέμεναι</em></span> <span class='ocrx_word' id='word_1_8' title='bbox 867 549 941 624; x_wconf 87' lang='grc' dir='ltr'><em>νέας</em></span> <span class='ocrx_word' id='word_1_9' title='bbox 964 544 1049 633; x_wconf 83' lang='grc' dir='ltr'><em>ἁμάς</em></span> 
     </span>
    </p>

    <p class='ocr_par' dir='ltr' id='par_1_3' title="bbox 296 650 1288 942">
     <span class='ocr_line' id='line_1_4' title="bbox 345 650 1284 734; baseline -0.006 -16"><span class='ocrx_word' id='word_1_10' title='bbox 345 664 404 718; x_wconf 84' lang='lat' dir='ltr'>etc.</span> <span class='ocrx_word' id='word_1_11' title='bbox 420 656 531 719; x_wconf 71' lang='grc' dir='ltr'><strong><em>πείθοι</em></strong></span> <span class='ocrx_word' id='word_1_12' title='bbox 550 655 587 734; x_wconf 82' lang='grc' dir='ltr'>(ψ</span> <span class='ocrx_word' id='word_1_13' title='bbox 602 655 672 731; x_wconf 99' lang='grc'>230)</span> <span class='ocrx_word' id='word_1_14' title='bbox 691 683 733 703; x_wconf 92' lang='lat'>=</span> <span class='ocrx_word' id='word_1_15' title='bbox 747 653 926 734; x_wconf 84' lang='lat' dir='ltr'>persuadeo</span> <span class='ocrx_word' id='word_1_16' title='bbox 945 650 1042 731; x_wconf 86' lang='lat' dir='ltr'>(Curt.</span> <span class='ocrx_word' id='word_1_17' title='bbox 1061 651 1185 731; x_wconf 86' lang='lat' dir='ltr'>Etym.3</span> <span class='ocrx_word' id='word_1_18' title='bbox 1204 652 1284 729; x_wconf 89' lang='grc'>246).</span> 
     </span>
     <span class='ocr_line' id='line_1_5' title="bbox 296 753 1285 842; baseline -0.006 -21"><span class='ocrx_word' id='word_1_19' title='bbox 296 753 487 842; x_wconf 84' lang='grc' dir='ltr'><em>πεπτήοις</em></span> <span class='ocrx_word' id='word_1_20' title='bbox 1281 819 1285 828; x_wconf 63' lang='grc'><em>,</em></span> 
     </span>
     <span class='ocr_line' id='line_1_6' title="bbox 299 849 1288 942; baseline -0.006 -19"><span class='ocrx_word' id='word_1_21' title='bbox 299 864 316 938; x_wconf 81' lang='grc' dir='ltr'><em>ξ</em></span> <span class='ocrx_word' id='word_1_22' title='bbox 339 872 401 939; x_wconf 84' lang='grc'>354</span> <span class='ocrx_word' id='word_1_23' title='bbox 422 860 537 942; x_wconf 79' lang='grc' dir='ltr'><em>κείμην</em></span> <span class='ocrx_word' id='word_1_24' title='bbox 557 853 715 940; x_wconf 82' lang='grc' dir='ltr'><em>πεπτηώς</em></span> <span class='ocrx_word' id='word_1_25' title='bbox 729 887 770 907; x_wconf 93' lang='grc'>--</span> <span class='ocrx_word' id='word_1_26' title='bbox 789 865 913 918; x_wconf 85' lang='lat' dir='ltr'>terrore</span> <span class='ocrx_word' id='word_1_27' title='bbox 931 855 1131 930; x_wconf 66' lang='lat' dir='ltr'>delitescens</span> <span class='ocrx_word' id='word_1_28' title='bbox 1148 849 1288 939; x_wconf 81' lang='grc' dir='ltr'><strong><em>πτήσσω</em></strong></span> 
     </span>
    </p>
   </div>
   <div class='ocr_carea' id='block_1_3' title="bbox 172 957 1345 2874">
    <p class='ocr_par' dir='ltr' id='par_1_4' title="bbox 298 957 1287 1346">
     <span class='ocr_line' id='line_1_7' title="bbox 344 957 1045 1040; baseline -0.001 -18"><span class='ocrx_word' id='word_1_29' title='bbox 344 961 421 1040; x_wconf 88' lang='lat' dir='ltr'>(rad.</span> <span class='ocrx_word' id='word_1_30' title='bbox 443 982 564 1023; x_wconf 91' lang='grc' dir='ltr'><em>πτα-κ</em></span> <span class='ocrx_word' id='word_1_31' title='bbox 588 957 673 1021; x_wconf 87' lang='lat' dir='ltr'>Curt.</span> <span class='ocrx_word' id='word_1_32' title='bbox 696 958 820 1038; x_wconf 81' lang='lat' dir='ltr'>Etym.³</span> <span class='ocrx_word' id='word_1_33' title='bbox 842 959 894 1036; x_wconf 91' lang='grc'>62)</span> <span class='ocrx_word' id='word_1_34' title='bbox 918 966 1045 1021; x_wconf 89' lang='lat' dir='ltr'>terrere.</span> 
     </span>
     <span class='ocr_line' id='line_1_8' title="bbox 298 1058 450 1144; baseline -0.013 -18"><span class='ocrx_word' id='word_1_35' title='bbox 298 1058 450 1144; x_wconf 77' lang='grc' dir='ltr'><strong><em>πεφύκῃ</em></strong></span> 
     </span>
     <span class='ocr_line' id='line_1_9' title="bbox 299 1153 1287 1248; baseline -0.001 -22"><span class='ocrx_word' id='word_1_36' title='bbox 299 1165 394 1242; x_wconf 72' lang='grc'>41483</span> <span class='ocrx_word' id='word_1_37' title='bbox 419 1153 621 1248; x_wconf 79' lang='grc' dir='ltr'>(αἲγειρος)ἥ</span> <span class='ocrx_word' id='word_1_38' title='bbox 646 1157 686 1247; x_wconf 81' lang='grc' dir='ltr'>ῥά</span> <span class='ocrx_word' id='word_1_39' title='bbox 709 1155 741 1225; x_wconf 80' lang='grc' dir='ltr'>τ&gt;</span> <span class='ocrx_word' id='word_1_40' title='bbox 765 1161 803 1226; x_wconf 79' lang='grc' dir='ltr'>έν</span> <span class='ocrx_word' id='word_1_41' title='bbox 826 1158 958 1244; x_wconf 71' lang='grc' dir='ltr'><em>εἱαμενῇ</em></span> <span class='ocrx_word' id='word_1_42' title='bbox 982 1157 1072 1235; x_wconf 81' lang='grc' dir='ltr'><em>έλεος</em></span> <span class='ocrx_word' id='word_1_43' title='bbox 1088 1157 1233 1244; x_wconf 79' lang='grc' dir='ltr'><em>μεγάλου</em></span> <span class='ocrx_word' id='word_1_44' title='bbox 1251 1183 1287 1225; x_wconf 89' lang='grc' dir='ltr'>π.</span> 
     </span>
     <span class='ocr_line' id='line_1_10' title="bbox 415 1261 1006 1346; baseline 0.002 -20"><span class='ocrx_word' id='word_1_45' title='bbox 415 1286 567 1346; x_wconf 81' lang='lat' dir='ltr'><strong>praesens</strong></span> <span class='ocrx_word' id='word_1_46' title='bbox 589 1261 665 1344; x_wconf 86' lang='grc' dir='ltr'><em>φύοο</em></span> <span class='ocrx_word' id='word_1_47' title='bbox 683 1294 724 1315; x_wconf 92' lang='grc'>--</span> <span class='ocrx_word' id='word_1_48' title='bbox 741 1266 841 1344; x_wconf 83' lang='lat' dir='ltr'>gigno</span> <span class='ocrx_word' id='word_1_49' title='bbox 865 1265 905 1343; x_wconf 84' lang='lat' dir='ltr'>(Z</span> <span class='ocrx_word' id='word_1_50' title='bbox 928 1265 1006 1343; x_wconf 83' lang='lat'>148).</span> 
     </span>
    </p>

    <p class='ocr_par' dir='ltr' id='par_1_5' title="bbox 301 1368 441 1451">
     <span class='ocr_line' id='line_1_11' title="bbox 301 1368 441 1451; baseline 0 -19"><span class='ocrx_word' id='word_1_51' title='bbox 301 1368 441 1451; x_wconf 88' lang='grc' dir='ltr'><em>σέσηπε</em></span> 
     </span>
    </p>

    <p class='ocr_par' dir='ltr' id='par_1_6' title="bbox 172 1467 1345 1855">
     <span class='ocr_line' id='line_1_12' title="bbox 297 1467 824 1553; baseline -0.004 -19"><span class='ocrx_word' id='word_1_52' title='bbox 297 1474 328 1534; x_wconf 85' lang='grc' dir='ltr'><em>Β</em></span> <span class='ocrx_word' id='word_1_53' title='bbox 353 1484 407 1549; x_wconf 82' lang='grc' dir='ltr'>Ι35</span> <span class='ocrx_word' id='word_1_54' title='bbox 432 1471 487 1534; x_wconf 91' lang='grc' dir='ltr'>καὶ</span> <span class='ocrx_word' id='word_1_55' title='bbox 509 1468 551 1553; x_wconf 77' lang='grc' dir='ltr'>δι)</span> <span class='ocrx_word' id='word_1_56' title='bbox 574 1467 681 1551; x_wconf 75' lang='grc' dir='ltr'><em>δοῦρα</em></span> <span class='ocrx_word' id='word_1_57' title='bbox 707 1469 824 1552; x_wconf 85' lang='grc' dir='ltr'><em>σέσηπε</em></span> 
     </span>
     <span class='ocr_line' id='line_1_13' title="bbox 172 1566 1345 1654; baseline -0.003 -20"><span class='ocrx_word' id='word_1_58' title='bbox 172 1591 324 1654; x_wconf 82' lang='lat' dir='ltr'>praesens</span> <span class='ocrx_word' id='word_1_59' title='bbox 347 1574 430 1633; x_wconf 89' lang='lat' dir='ltr'>med.</span> <span class='ocrx_word' id='word_1_60' title='bbox 454 1566 593 1654; x_wconf 81' lang='grc' dir='ltr'>σήπεται</span> <span class='ocrx_word' id='word_1_61' title='bbox 616 1575 732 1647; x_wconf 69' lang='grc'>62414</span> <span class='ocrx_word' id='word_1_62' title='bbox 755 1572 838 1632; x_wconf 92' lang='lat' dir='ltr'>idem</span> <span class='ocrx_word' id='word_1_63' title='bbox 869 1569 956 1631; x_wconf 78' lang='lat' dir='ltr'>valet</span> <span class='ocrx_word' id='word_1_64' title='bbox 979 1578 1074 1648; x_wconf 89' lang='lat' dir='ltr'>atque</span> <span class='ocrx_word' id='word_1_65' title='bbox 1096 1568 1290 1650; x_wconf 79' lang='lat' dir='ltr'>perfectum3</span> <span class='ocrx_word' id='word_1_66' title='bbox 1343 1640 1345 1644; x_wconf 10' lang='grc'>4</span> 
     </span>
     <span class='ocr_line' id='line_1_14' title="bbox 172 1669 1290 1758; baseline -0.002 -22"><span class='ocrx_word' id='word_1_67' title='bbox 172 1694 322 1755; x_wconf 88' lang='lat' dir='ltr'>praesens</span> <span class='ocrx_word' id='word_1_68' title='bbox 345 1682 405 1734; x_wconf 83' lang='lat' dir='ltr'>act.</span> <span class='ocrx_word' id='word_1_69' title='bbox 431 1669 525 1758; x_wconf 84' lang='grc' dir='ltr'><em>σήπω</em></span> <span class='ocrx_word' id='word_1_70' title='bbox 544 1703 586 1723; x_wconf 92' lang='grc'>--</span> <span class='ocrx_word' id='word_1_71' title='bbox 603 1672 778 1752; x_wconf 82' lang='lat' dir='ltr'>putrefacio</span> <span class='ocrx_word' id='word_1_72' title='bbox 801 1672 957 1733; x_wconf 88' lang='lat' dir='ltr'>invenitur</span> <span class='ocrx_word' id='word_1_73' title='bbox 980 1673 1064 1751; x_wconf 89' lang='lat' dir='ltr'>apud</span> <span class='ocrx_word' id='word_1_74' title='bbox 1088 1670 1290 1751; x_wconf 87' lang='lat' dir='ltr'>Aeschylum</span> 
     </span>
     <span class='ocr_line' id='line_1_15' title="bbox 173 1773 432 1855; baseline 0.008 -19"><span class='ocrx_word' id='word_1_75' title='bbox 173 1773 285 1855; x_wconf 84' lang='lat' dir='ltr'><strong>fragm.</strong></span> <span class='ocrx_word' id='word_1_76' title='bbox 309 1790 371 1853; x_wconf 98' lang='grc'>270</span> <span class='ocrx_word' id='word_1_77' title='bbox 392 1774 432 1839; x_wconf 92' lang='lat' dir='ltr'>D.</span> 
     </span>
    </p>

    <p class='ocr_par' dir='ltr' id='par_1_7' title="bbox 299 1872 491 1958">
     <span class='ocr_line' id='line_1_16' title="bbox 299 1872 491 1958; baseline 0 -18"><span class='ocrx_word' id='word_1_78' title='bbox 299 1872 491 1958; x_wconf 79' lang='grc' dir='ltr'><em>τετευχώς</em></span> 
     </span>
    </p>

    <p class='ocr_par' dir='ltr' id='par_1_8' title="bbox 172 1973 1246 2162">
     <span class='ocr_line' id='line_1_17' title="bbox 299 1973 880 2062; baseline -0.002 -23"><span class='ocrx_word' id='word_1_79' title='bbox 299 2001 321 2062; x_wconf 93' lang='grc' dir='ltr'><em>μ</em></span> <span class='ocrx_word' id='word_1_80' title='bbox 342 1995 403 2057; x_wconf 89' lang='grc'>423</span> <span class='ocrx_word' id='word_1_81' title='bbox 423 2014 465 2023; x_wconf 89' lang='lat'><em>-</em></span> <span class='ocrx_word' id='word_1_82' title='bbox 483 1975 563 2057; x_wconf 81' lang='grc' dir='ltr'><em>βοὸς</em></span> <span class='ocrx_word' id='word_1_83' title='bbox 585 1974 692 2060; x_wconf 81' lang='grc' dir='ltr'><strong><em>ῥινοῖο</em></strong></span> <span class='ocrx_word' id='word_1_84' title='bbox 716 1973 880 2058; x_wconf 80' lang='grc' dir='ltr'><em>τετευχώς</em></span> 
     </span>
     <span class='ocr_line' id='line_1_18' title="bbox 172 2076 1246 2162; baseline -0.004 -20"><span class='ocrx_word' id='word_1_85' title='bbox 172 2101 323 2161; x_wconf 85' lang='lat' dir='ltr'>praesens</span> <span class='ocrx_word' id='word_1_86' title='bbox 346 2076 452 2162; x_wconf 79' lang='grc' dir='ltr'><em>τεύχοι</em></span> <span class='ocrx_word' id='word_1_87' title='bbox 475 2081 640 2142; x_wconf 85' lang='lat' dir='ltr'>transitiva</span> <span class='ocrx_word' id='word_1_88' title='bbox 663 2081 794 2141; x_wconf 84' lang='lat' dir='ltr'>notione</span> <span class='ocrx_word' id='word_1_89' title='bbox 816 2081 1005 2140; x_wconf 83' lang='lat' dir='ltr'>instructum</span> <span class='ocrx_word' id='word_1_90' title='bbox 1027 2086 1076 2139; x_wconf 90' lang='lat' dir='ltr'>est</span> <span class='ocrx_word' id='word_1_91' title='bbox 1098 2080 1140 2157; x_wconf 87' lang='grc' dir='ltr'>(Α</span> <span class='ocrx_word' id='word_1_92' title='bbox 1168 2081 1246 2157; x_wconf 83' lang='lat'>110).</span> 
     </span>
    </p>

    <p class='ocr_par' dir='ltr' id='par_1_9' title="bbox 301 2182 445 2265">
     <span class='ocr_line' id='line_1_19' title="bbox 301 2182 445 2265; baseline 0 -20"><span class='ocrx_word' id='word_1_93' title='bbox 301 2182 445 2265; x_wconf 84' lang='grc' dir='ltr'><em>τέτηκα</em></span> 
     </span>
    </p>

    <p class='ocr_par' dir='ltr' id='par_1_10' title="bbox 173 2283 1052 2466">
     <span class='ocr_line' id='line_1_20' title="bbox 301 2283 731 2366; baseline -0.005 -19"><span class='ocrx_word' id='word_1_94' title='bbox 301 2287 333 2347; x_wconf 90' lang='grc' dir='ltr'><em>Γ</em></span> <span class='ocrx_word' id='word_1_95' title='bbox 346 2283 405 2362; x_wconf 89' lang='lat'>176</span> <span class='ocrx_word' id='word_1_96' title='bbox 427 2284 587 2347; x_wconf 78' lang='grc' dir='ltr'>κλαίουσα</span> <span class='ocrx_word' id='word_1_97' title='bbox 608 2283 731 2366; x_wconf 89' lang='grc' dir='ltr'><em>τέτηκα</em></span> 
     </span>
     <span class='ocr_line' id='line_1_21' title="bbox 173 2381 1052 2466; baseline -0.001 -21"><span class='ocrx_word' id='word_1_98' title='bbox 173 2405 325 2464; x_wconf 83' lang='lat' dir='ltr'>praesens</span> <span class='ocrx_word' id='word_1_99' title='bbox 348 2381 440 2466; x_wconf 82' lang='grc' dir='ltr'><em>τηκοι</em></span> <span class='ocrx_word' id='word_1_100' title='bbox 463 2389 492 2463; x_wconf 88' lang='grc' dir='ltr'>(τ</span> <span class='ocrx_word' id='word_1_101' title='bbox 515 2384 587 2464; x_wconf 89' lang='grc'>264)</span> <span class='ocrx_word' id='word_1_102' title='bbox 609 2386 774 2446; x_wconf 89' lang='lat' dir='ltr'>transitiva</span> <span class='ocrx_word' id='word_1_103' title='bbox 795 2384 926 2446; x_wconf 84' lang='lat' dir='ltr'>notione</span> <span class='ocrx_word' id='word_1_104' title='bbox 949 2386 1052 2445; x_wconf 71' lang='lat' dir='ltr'>utitur.</span> 
     </span>
    </p>

    <p class='ocr_par' dir='ltr' id='par_1_11' title="bbox 301 2487 470 2570">
     <span class='ocr_line' id='line_1_22' title="bbox 301 2487 470 2570; baseline -0.006 -20"><span class='ocrx_word' id='word_1_105' title='bbox 301 2487 470 2570; x_wconf 81' lang='grc' dir='ltr'><em>τέτοοφε</em></span> 
     </span>
    </p>

    <p class='ocr_par' dir='ltr' id='par_1_12' title="bbox 175 2579 1288 2874">
     <span class='ocr_line' id='line_1_23' title="bbox 299 2579 1287 2674; baseline 0 -23"><span class='ocrx_word' id='word_1_106' title='bbox 299 2605 326 2669; x_wconf 82' lang='grc' dir='ltr'><em>η</em></span> <span class='ocrx_word' id='word_1_107' title='bbox 350 2603 409 2667; x_wconf 89' lang='grc'>237</span> <span class='ocrx_word' id='word_1_108' title='bbox 433 2583 622 2671; x_wconf 74' lang='grc' dir='ltr'><em>νηχόμενοι,</em></span> <span class='ocrx_word' id='word_1_109' title='bbox 644 2586 750 2674; x_wconf 83' lang='grc' dir='ltr'><em>πολλὴ</em></span> <span class='ocrx_word' id='word_1_110' title='bbox 775 2588 809 2652; x_wconf 77' lang='grc' dir='ltr'>δὲ</span> <span class='ocrx_word' id='word_1_111' title='bbox 824 2588 900 2670; x_wconf 83' lang='grc' dir='ltr'><em>περὶ</em></span> <span class='ocrx_word' id='word_1_112' title='bbox 919 2586 997 2669; x_wconf 80' lang='grc' dir='ltr'><em>χροῒ</em></span> <span class='ocrx_word' id='word_1_113' title='bbox 1017 2586 1184 2670; x_wconf 82' lang='grc' dir='ltr'><em>τέτροφεν</em></span> <span class='ocrx_word' id='word_1_114' title='bbox 1203 2579 1287 2672; x_wconf 80' lang='grc' dir='ltr'><em>ἅλμη</em></span> 
     </span>
     <span class='ocr_line' id='line_1_24' title="bbox 176 2689 1288 2770; baseline 0.001 -19"><span class='ocrx_word' id='word_1_115' title='bbox 176 2689 224 2770; x_wconf 84' lang='lat' dir='ltr'>(cf.</span> <span class='ocrx_word' id='word_1_116' title='bbox 247 2690 398 2754; x_wconf 88' lang='lat' dir='ltr'>Doederl.</span> <span class='ocrx_word' id='word_1_117' title='bbox 423 2690 520 2770; x_wconf 87' lang='lat' dir='ltr'>gloss.</span> <span class='ocrx_word' id='word_1_118' title='bbox 548 2706 627 2768; x_wconf 86' lang='lat'>1034</span> <span class='ocrx_word' id='word_1_119' title='bbox 650 2689 783 2752; x_wconf 83' lang='lat' dir='ltr'>Lobeck</span> <span class='ocrx_word' id='word_1_120' title='bbox 806 2691 846 2751; x_wconf 87' lang='lat' dir='ltr'>ad</span> <span class='ocrx_word' id='word_1_121' title='bbox 870 2690 983 2750; x_wconf 84' lang='lat' dir='ltr'>Acac.²</span> <span class='ocrx_word' id='word_1_122' title='bbox 1005 2709 1035 2769; x_wconf 92' lang='lat' dir='ltr'>p.</span> <span class='ocrx_word' id='word_1_123' title='bbox 1059 2691 1110 2768; x_wconf 83' lang='lat'>75)</span> <span class='ocrx_word' id='word_1_124' title='bbox 1137 2710 1288 2770; x_wconf 89' lang='lat' dir='ltr'>praesens</span> 
     </span>
     <span class='ocr_line' id='line_1_25' title="bbox 175 2782 1050 2874; baseline -0.003 -20"><span class='ocrx_word' id='word_1_125' title='bbox 175 2791 288 2874; x_wconf 80' lang='grc' dir='ltr'><em>τρέφω</em></span> <span class='ocrx_word' id='word_1_126' title='bbox 311 2793 353 2871; x_wconf 74' lang='grc' dir='ltr'>(Ε</span> <span class='ocrx_word' id='word_1_127' title='bbox 374 2782 422 2871; x_wconf 62' lang='grc'>’52)</span> <span class='ocrx_word' id='word_1_128' title='bbox 445 2792 609 2853; x_wconf 84' lang='lat' dir='ltr'>transitiva</span> <span class='ocrx_word' id='word_1_129' title='bbox 631 2794 760 2852; x_wconf 89' lang='lat' dir='ltr'>notione</span> <span class='ocrx_word' id='word_1_130' title='bbox 783 2793 970 2852; x_wconf 89' lang='lat' dir='ltr'>instructum</span> <span class='ocrx_word' id='word_1_131' title='bbox 993 2799 1050 2852; x_wconf 84' lang='lat' dir='ltr'>est.</span> 
     </span>
    </p>
   </div>
   <div class='ocr_carea' id='block_1_4' title="bbox 472 3087 998 3158">
    <p class='ocr_par' dir='ltr' id='par_1_13' title="bbox 472 3087 998 3158">
     <span class='ocr_line' id='line_1_26' title="bbox 472 3087 998 3158; baseline -0.004 -13"><span class='ocrx_word' id='word_1_132' title='bbox 472 3088 519 3145; x_wconf 88' lang='grc' dir='ltr'>ΙΙ.</span> <span class='ocrx_word' id='word_1_133' title='bbox 554 3087 610 3144; x_wconf 84' lang='lat' dir='ltr'>De</span> <span class='ocrx_word' id='word_1_134' title='bbox 634 3087 802 3158; x_wconf 83' lang='lat' dir='ltr'>perfecto</span> <span class='ocrx_word' id='word_1_135' title='bbox 827 3088 998 3158; x_wconf 85' lang='lat' dir='ltr'>passivo.</span> 
     </span>
    </p>
   </div>
   <div class='ocr_carea' id='block_1_5' title="bbox 174 3187 1287 3996">
    <p class='ocr_par' dir='ltr' id='par_1_14' title="bbox 174 3187 1287 3894">
     <span class='ocr_line' id='line_1_27' title="bbox 261 3187 1285 3281; baseline 0 -21"><span class='ocrx_word' id='word_1_136' title='bbox 261 3187 463 3280; x_wconf 76' lang='lat' dir='ltr'>Quaesiuerit</span> <span class='ocrx_word' id='word_1_137' title='bbox 481 3201 616 3263; x_wconf 83' lang='lat' dir='ltr'>fortasse</span> <span class='ocrx_word' id='word_1_138' title='bbox 634 3203 890 3281; x_wconf 79' lang='lat' dir='ltr'>quispiam,quid</span> <span class='ocrx_word' id='word_1_139' title='bbox 907 3204 948 3262; x_wconf 88' lang='lat' dir='ltr'>sit</span> <span class='ocrx_word' id='word_1_140' title='bbox 963 3222 1017 3262; x_wconf 91' lang='lat' dir='ltr'>cur</span> <span class='ocrx_word' id='word_1_141' title='bbox 1031 3198 1172 3281; x_wconf 74' lang='lat' dir='ltr'>perfecta</span> <span class='ocrx_word' id='word_1_142' title='bbox 1182 3201 1285 3261; x_wconf 89' lang='lat' dir='ltr'>activa</span> 
     </span>
     <span class='ocr_line' id='line_1_28' title="bbox 175 3299 1287 3383; baseline -0.001 -20"><span class='ocrx_word' id='word_1_143' title='bbox 175 3299 323 3382; x_wconf 85' lang='lat' dir='ltr'>perfectis</span> <span class='ocrx_word' id='word_1_144' title='bbox 336 3303 470 3381; x_wconf 91' lang='lat' dir='ltr'>passivis</span> <span class='ocrx_word' id='word_1_145' title='bbox 486 3305 726 3380; x_wconf 80' lang='lat' dir='ltr'>seiunxerimus,</span> <span class='ocrx_word' id='word_1_146' title='bbox 734 3324 831 3383; x_wconf 91' lang='lat' dir='ltr'>quum</span> <span class='ocrx_word' id='word_1_147' title='bbox 842 3304 1043 3363; x_wconf 88' lang='lat' dir='ltr'>commodius</span> <span class='ocrx_word' id='word_1_148' title='bbox 1054 3322 1124 3363; x_wconf 91' lang='lat' dir='ltr'>esse</span> <span class='ocrx_word' id='word_1_149' title='bbox 1133 3303 1287 3376; x_wconf 89' lang='lat' dir='ltr'>videatur,</span> 
     </span>
     <span class='ocr_line' id='line_1_29' title="bbox 175 3403 1287 3485; baseline 0.001 -20"><span class='ocrx_word' id='word_1_150' title='bbox 175 3425 236 3466; x_wconf 93' lang='lat' dir='ltr'>una</span> <span class='ocrx_word' id='word_1_151' title='bbox 259 3405 323 3465; x_wconf 93' lang='lat' dir='ltr'>duo</span> <span class='ocrx_word' id='word_1_152' title='bbox 345 3422 462 3483; x_wconf 84' lang='lat' dir='ltr'>genera</span> <span class='ocrx_word' id='word_1_153' title='bbox 494 3413 638 3467; x_wconf 84' lang='lat' dir='ltr'>tractare.</span> <span class='ocrx_word' id='word_1_154' title='bbox 684 3405 785 3485; x_wconf 44' lang='lat' dir='ltr'>Quod.</span> <span class='ocrx_word' id='word_1_155' title='bbox 803 3404 950 3466; x_wconf 82' lang='lat' dir='ltr'>consulto</span> <span class='ocrx_word' id='word_1_156' title='bbox 974 3403 1121 3482; x_wconf 78' lang='lat' dir='ltr'>fecimus,</span> <span class='ocrx_word' id='word_1_157' title='bbox 1148 3414 1183 3466; x_wconf 91' lang='lat' dir='ltr'>ut</span> <span class='ocrx_word' id='word_1_158' title='bbox 1206 3423 1287 3484; x_wconf 90' lang='lat' dir='ltr'>quae</span> 
     </span>
     <span class='ocr_line' id='line_1_30' title="bbox 175 3505 1287 3588; baseline -0.001 -20"><span class='ocrx_word' id='word_1_159' title='bbox 175 3509 256 3568; x_wconf 82' lang='lat' dir='ltr'>ratio</span> <span class='ocrx_word' id='word_1_160' title='bbox 279 3509 401 3568; x_wconf 88' lang='lat' dir='ltr'>intersit</span> <span class='ocrx_word' id='word_1_161' title='bbox 423 3509 503 3570; x_wconf 85' lang='lat' dir='ltr'>inter</span> <span class='ocrx_word' id='word_1_162' title='bbox 525 3507 605 3569; x_wconf 91' lang='lat' dir='ltr'>haec</span> <span class='ocrx_word' id='word_1_163' title='bbox 628 3506 770 3586; x_wconf 81' lang='lat' dir='ltr'>perfecta</span> <span class='ocrx_word' id='word_1_164' title='bbox 793 3506 905 3568; x_wconf 87' lang='lat' dir='ltr'>clarius</span> <span class='ocrx_word' id='word_1_165' title='bbox 927 3508 1143 3588; x_wconf 77' lang='lat' dir='ltr'>perspiciatur.</span> <span class='ocrx_word' id='word_1_166' title='bbox 1180 3505 1287 3588; x_wconf 83' lang='lat' dir='ltr'>Quum</span> 
     </span>
     <span class='ocr_line' id='line_1_31' title="bbox 176 3608 1287 3696; baseline -0.001 -26"><span class='ocrx_word' id='word_1_167' title='bbox 176 3612 259 3671; x_wconf 89' lang='lat' dir='ltr'>enim</span> <span class='ocrx_word' id='word_1_168' title='bbox 277 3612 308 3669; x_wconf 93' lang='lat' dir='ltr'>in</span> <span class='ocrx_word' id='word_1_169' title='bbox 327 3611 432 3671; x_wconf 86' lang='lat' dir='ltr'>activo</span> <span class='ocrx_word' id='word_1_170' title='bbox 450 3630 599 3696; x_wconf 86' lang='lat' dir='ltr'>numerus</span> <span class='ocrx_word' id='word_1_171' title='bbox 621 3608 843 3690; x_wconf 86' lang='lat' dir='ltr'>perfectorum,</span> <span class='ocrx_word' id='word_1_172' title='bbox 866 3630 948 3690; x_wconf 88' lang='lat' dir='ltr'>quae</span> <span class='ocrx_word' id='word_1_173' title='bbox 964 3611 1093 3671; x_wconf 89' lang='lat' dir='ltr'>notione</span> <span class='ocrx_word' id='word_1_174' title='bbox 1111 3611 1287 3690; x_wconf 87' lang='lat' dir='ltr'>praesentis</span> 
     </span>
     <span class='ocr_line' id='line_1_32' title="bbox 174 3712 1287 3791; baseline -0.002 -18"><span class='ocrx_word' id='word_1_175' title='bbox 174 3720 311 3785; x_wconf 84' lang='lat' dir='ltr'>utuntur,</span> <span class='ocrx_word' id='word_1_176' title='bbox 342 3712 427 3791; x_wconf 89' lang='lat' dir='ltr'>apud</span> <span class='ocrx_word' id='word_1_177' title='bbox 449 3712 629 3774; x_wconf 88' lang='lat' dir='ltr'>Homerum</span> <span class='ocrx_word' id='word_1_178' title='bbox 658 3714 760 3774; x_wconf 92' lang='lat' dir='ltr'>multo</span> <span class='ocrx_word' id='word_1_179' title='bbox 792 3715 893 3774; x_wconf 88' lang='lat' dir='ltr'>maior</span> <span class='ocrx_word' id='word_1_180' title='bbox 915 3715 964 3786; x_wconf 87' lang='lat' dir='ltr'>sit,</span> <span class='ocrx_word' id='word_1_181' title='bbox 995 3730 1091 3791; x_wconf 84' lang='lat' dir='ltr'>quam</span> <span class='ocrx_word' id='word_1_182' title='bbox 1114 3731 1196 3791; x_wconf 86' lang='lat' dir='ltr'>quae</span> <span class='ocrx_word' id='word_1_183' title='bbox 1217 3731 1287 3791; x_wconf 92' lang='lat' dir='ltr'>per-</span> 
     </span>
     <span class='ocr_line' id='line_1_33' title="bbox 176 3812 1287 3894; baseline -0.001 -19"><span class='ocrx_word' id='word_1_184' title='bbox 176 3813 291 3875; x_wconf 80' lang='lat' dir='ltr'>fectam</span> <span class='ocrx_word' id='word_1_185' title='bbox 315 3812 495 3892; x_wconf 84' lang='lat' dir='ltr'>significant</span> <span class='ocrx_word' id='word_1_186' title='bbox 523 3815 682 3876; x_wconf 86' lang='lat' dir='ltr'>actionem</span> <span class='ocrx_word' id='word_1_187' title='bbox 706 3816 823 3894; x_wconf 84' lang='lat'><strong>(74:22</strong></span> <span class='ocrx_word' id='word_1_188' title='bbox 852 3817 877 3875; x_wconf 91' lang='lat' dir='ltr'>si</span> <span class='ocrx_word' id='word_1_189' title='bbox 901 3823 987 3877; x_wconf 86' lang='lat' dir='ltr'>recte</span> <span class='ocrx_word' id='word_1_190' title='bbox 1011 3814 1287 3892; x_wconf 84' lang='lat' dir='ltr'>enumeravimus),</span> 
     </span>
    </p>

    <p class='ocr_par' dir='ltr' id='par_1_15' title="bbox 176 3914 1020 3996">
     <span class='ocr_line' id='line_1_34' title="bbox 176 3914 1020 3996; baseline 0.002 -21"><span class='ocrx_word' id='word_1_191' title='bbox 176 3916 205 3976; x_wconf 93' lang='lat' dir='ltr'>in</span> <span class='ocrx_word' id='word_1_192' title='bbox 228 3916 357 3996; x_wconf 90' lang='lat' dir='ltr'>passivo</span> <span class='ocrx_word' id='word_1_193' title='bbox 380 3936 429 3977; x_wconf 93' lang='lat' dir='ltr'>res</span> <span class='ocrx_word' id='word_1_194' title='bbox 452 3914 547 3995; x_wconf 84' lang='lat' dir='ltr'>longe</span> <span class='ocrx_word' id='word_1_195' title='bbox 569 3915 658 3978; x_wconf 86' lang='lat' dir='ltr'>aliter</span> <span class='ocrx_word' id='word_1_196' title='bbox 680 3936 715 3978; x_wconf 90' lang='lat' dir='ltr'>se</span> <span class='ocrx_word' id='word_1_197' title='bbox 737 3915 835 3978; x_wconf 90' lang='lat' dir='ltr'>habet</span> <span class='ocrx_word' id='word_1_198' title='bbox 858 3917 1020 3995; x_wconf 81' lang='lat'>(22:107).</span> 
     </span>
    </p>
   </div>
   <div class='ocr_carea' id='block_1_6' title="bbox 0 0 1481 4566">
    <p class='ocr_par' dir='ltr' id='par_1_16' title="bbox 0 0 1481 4566">
     <span class='ocr_line' id='line_1_35' title="bbox 0 0 1481 4566; baseline 0 0"><span class='ocrx_word' id='word_1_199' title='bbox 0 0 1481 4566; x_wconf 95' lang='lat' dir='ltr'> </span> 
     </span>
    </p>
   </div>
  </div>
 </body>
</html>
