2940 4566
656 287 866 352 -50„

200 454 317 527 potest.
362 444 470 527 Quare
492 443 628 505 fortasse
650 445 802 525 suspicari
828 442 909 517 licet,
941 446 1071 524 proprie
1100 443 1162 506 hoc
1185 445 1321 506 verbum

201 546 399 628 significasse
420 554 574 627 appetere
596 544 721 625 aliquid,
753 556 787 607 ut
808 546 964 629 μαίεσθαι
994 547 1035 608 ab
1067 547 1182 608 eadem
1213 547 1321 629 radice

202 651 380 712 derivatum
404 647 452 723 (cf.
474 671 497 731 μ
521 662 594 709 220:
618 644 658 711 σύ
681 645 719 711 δὲ
742 647 917 711 σκοπέλων
937 646 1097 729 έπιμαίεσ,
1121 670 1136 711 ε
1160 650 1239 724 344).
1270 648 1322 709 Ex

202 751 331 814 notione
353 750 525 831 appetendi
548 747 666 810 facilius
689 747 825 810 fortasse
846 749 935 809 notio
958 750 1194 829 capessendi
1213 749 1243 826 (λ
1261 762 1316 828 531

201 854 314 933 ξίφεος
334 851 509 930 ἐπεμαίετο
538 847 667 934 κώπην)
700 860 732 913 et
758 851 992 912 attrectandi
1024 852 1047 928 (ι
1068 865 1127 926 441
1159 844 1242 914 ὀίων
1265 849 1321 914 έπ-

203 955 334 1037 εμαίετσ
357 956 469 1032 ναῦτα).
520 952 627 1034 Quum
659 973 737 1015 vero
769 953 856 1032 quod
889 954 989 1013 modo
1020 952 1227 1033 exposuimus
1257 972 1322 1014 non

201 1076 261 1137 pro
280 1065 368 1118 certo
386 1055 592 1129 affirmemus,
615 1055 656 1116 de
674 1057 803 1135 propria
821 1054 912 1115 huius
929 1052 1063 1134 perfecti
1082 1055 1213 1115 notione
1232 1054 1321 1116 dubi-

202 1167 314 1220 tamus.
360 1158 417 1220 Ab
440 1159 553 1219 eadem
576 1157 683 1218 radice
704 1156 884 1236 profectum
907 1164 956 1217 est

330 1259 512 1343 μέμοναςΙ

330 1367 366 1427 Η
387 1362 427 1441 36
454 1354 522 1425 σίλλ>
547 1354 605 1444 ἄγε
630 1363 703 1435 ποῦς
723 1361 868 1443 μέμονας
890 1354 1040 1442 πόλεμον
1070 1359 1324 1442 καταπαυσέμεν

1186 1455 1323 1543 ἀνδρῶν

330 1570 367 1629 Ν
382 1581 441 1645 307
461 1563 644 1648 Δευκαλίδη
663 1567 710 1649 πῆ
729 1558 757 1627 τ’
777 1558 819 1647 dp
830 1563 972 1647 μέμονας
990 1562 1174 1628 καταδῦναι
1190 1555 1324 1647 ὅμιλον·

450 1676 510 1730 etc.

203 1770 330 1854 μέμονα
354 1770 430 1850 (rad.
447 1746 525 1852 μαν,
547 1770 618 1852 μεν)
641 1789 700 1850 pro
724 1766 855 1852 *μεμηα
879 1769 956 1846 (rad.
973 1768 1146 1850 pu)‚=qu0d
1164 1787 1325 1847 nunquam

205 1882 329 1946 extare,
367 1892 462 1952 supra
499 1858 680 1932 monuimus
723 1874 762 1950 (p.
795 1871 859 1949 21),
890 1877 1058 1950 usurpatur
1087 1869 1155 1930 sine
1186 1868 1249 1930 ulla
1280 1871 1325 1931 di·

205 1973 383 2055 screpentia
405 1993 524 2036 sensus.
565 1969 718 2034 Conferas
743 1973 825 2033 enim
844 1975 879 2035 K
893 1987 954 2050 433
980 1969 1008 2035 εί
1030 1968 1091 2053 γὰρ
1115 1968 1156 2056 δὴ
1177 1969 1327 2053 μέματον

210 2071 336 2159 Τρώων
358 2075 543 2139 καταδῦναι
567 2063 686 2157 ὅμιλον

291 2197 362 2239 cum
373 2180 410 2240 N
419 2191 478 2256 307
488 2174 671 2259 Δευκαλίδη
684 2178 732 2260 πῆ
746 2168 772 2238 τ’
785 2169 827 2257 ἂρ
839 2175 984 2258 μέμονας
997 2174 1185 2239 καταδῦναι
1203 2166 1326 2258 ὅμιλον

290 2283 325 2343 Σ
335 2279 393 2356 156
407 2273 480 2361 τρὶς
488 2277 549 2361 μέν
558 2299 615 2361 μιν
623 2274 809 2360 μετόπισθε
820 2276 937 2340 ποδῶν
946 2271 1025 2355 λάβε
1037 2268 1327 2360 φαίδιμσςἝκτωρ

378 2431 381 2439 .
452 2376 624 2461 ἑλκέμεναι
644 2374 778 2462 μεμαώς

206 2500 278 2541 cum
306 2482 365 2560 176
385 2517 422 2525 -—
442 2477 584 2563 μάλιστα
607 2481 643 2545 δὲ
665 2481 822 2564 φαίδιμος
837 2472 967 2563 Ἕκτωρ

287 2655 289 2660 ,
408 2602 410 2607 ·
454 2580 625 2666 ἑλκέμεναι
646 2583 776 2667 μέμονε.

207 2683 256 2765 (cf.
278 2684 412 2747 Lobeck
435 2684 534 2746 rhem.
556 2705 586 2765 p.
615 2687 694 2765 129).

294 2786 359 2850 Sed
382 2787 508 2867 saepius
531 2788 572 2849 ad
595 2788 691 2848 animi
709 2795 834 2849 motum
852 2787 989 2868 pertinet
1010 2787 1138 2871 μέμονα
1156 2786 1240 2868 apud
1259 2784 1329 2846 Ho-

209 2910 342 2964 merum,
365 2891 406 2950 ad
437 2897 561 2950 motum
594 2890 735 2966 corporis
765 2885 914 2973 μεμοίμεν
931 2917 974 2941 =
989 2891 1106 2951 irruere
1131 2890 1164 2950 in
1190 2885 1328 2966 aliquem

208 2993 249 3071 (6
275 2993 333 3054 118
356 2995 392 3056 X
411 2994 473 3068 284
497 2994 525 3056 Θ
549 3006 620 3070 327.
649 2992 759 3071 083).
814 2990 923 3072 Quare
953 2976 1057 3052 solum
1088 3010 1145 3070 per
1172 3009 1207 3050 se
1235 2997 1330 3050 extat

207 3088 365 3176 μεμοίμεν,
398 3113 496 3172 quum
519 3090 663 3174 perfecto
684 3093 812 3176 μέμονα
835 3113 963 3174 semper
993 3074 1137 3154 additum
1161 3093 1210 3164 sit,
1242 3091 1330 3170 quod

209 3196 336 3274 assequi
359 3194 490 3257 studeat
513 3197 637 3257 animus
661 3195 707 3273 (H
723 3208 783 3273 435
811 3199 841 3259 Φ
865 3196 936 3274 315)

267 3465 294 3510 2.
319 3449 465 3528 Perfecta
486 3469 568 3530 quae
593 3450 640 3510 ad
656 3453 829 3529 perfectam
852 3451 999 3512 actionem
1021 3459 1161 3529 spectant
1181 3448 1271 3528 (usus

537 3552 677 3631 perfecti
696 3573 769 3614 vere
792 3552 997 3635 temporalis).

296 3703 362 3766 lam
385 3725 480 3785 supra
502 3705 638 3766 vidimus
660 3707 811 3785 perfect0‚
835 3707 946 3768 iterata
969 3705 1083 3777 radice,
1108 3704 1332 3764 condicionem

211 3806 389 3887 significari,
412 3826 494 3887 quae
524 3808 593 3887 ipsa
615 3809 748 3882 actione,
779 3829 861 3888 quae
890 3828 978 3870 mera
1000 3807 1104 3869 radice
1133 3807 1333 3886 exprimitur,

212 3910 253 3970 sit
283 3908 408 3984 effecta,
439 3917 474 3971 ut
504 3904 621 3972 κεύθω
643 3938 684 3959 =
703 3909 810 3971 oculto
833 3909 966 3989 aliquid,
998 3904 1147 3973 κεκεύθα
1171 3907 1334 3970 occultum
