2940 4566
628 298 837 361 ..34-

175 454 361 536 saepissime
382 453 515 535 placidis
537 451 687 514 noctibus
705 452 871 513 audiamus
894 450 975 514 licet.
1010 450 1124 531 Neque
1146 449 1236 512 aliter
1259 452 1300 512 de

172 556 343 637 repentino
373 575 455 618 sono
486 554 676 634 sagittarum
699 554 819 614 dictum
842 561 891 614 est
922 553 975 631 (Μ
993 566 1053 632 207
1076 554 1108 618 A
1130 553 1184 630 46)
1207 572 1299 632 quae,

177 666 266 720 mota
287 658 446 739 pharetra,
468 656 633 736 crepitant.

303 755 456 844 λεληκοί
463 783 487 834 ς.
656 808 659 812 .

306 865 341 926 Χ
363 877 417 936 141
445 857 591 943 (κίρκος)
615 852 648 920 δ’
673 855 817 940 ἔγγυθεν
840 851 901 936 ὀξὺ
923 853 1070 941 λεληκώς

304 964 462 1025 λελακυῖα
483 983 505 1043 μ
529 963 566 1038 85
591 955 728 1042 Σκύλλη
749 960 836 1022 ναίει
860 955 975 1022 δεινὸν
997 962 1025 1022 λ.

176 1064 218 1124 de
248 1063 416 1143 repentino
449 1081 530 1123 sono
551 1049 676 1123 ⁵dicitur
705 1059 844 1141 simplex
877 1058 980 1121 sorrna
1009 1059 1047 1121 cs.
1076 1055 1156 1124 λάκε
1186 1065 1217 1126 1
1236 1075 1297 1141 277

177 1160 257 1229 λάκε
280 1158 312 1226 ‹5'
339 1158 438 1238 άσιιὶς
459 1157 517 1226 ὑπ’
542 1157 647 1243 αὐτῆς
668 1162 743 1242 (scil.
765 1163 897 1245 μελίης).
1027 1151 1032 1161 “

302 1260 490 1348 μεμηκώς·
615 1263 617 1266 ⁴

301 1371 335 1431 Κ
356 1366 416 1444 362
439 1360 519 1429 -ὀ
543 1365 579 1430 δὲ
601 1361 768 1450 προθεήσι
789 1359 943 1448 μεμηκιίς

236 1507 238 1511 ν
303 1479 483 1551 μεμακυῖαι
507 1468 531 1530 Δ
554 1480 614 1546 435
641 1502 680 1511 -
704 1460 773 1542 ὄιες
795 1461 912 1549 ἀζηχὲς
933 1489 967 1549 μ.

303 1569 451 1652 μέμηκον
473 1591 485 1631 ι
506 1585 571 1647 439
592 1564 726 1652 θήλειαι
750 1568 785 1632 δὲ
807 1591 838 1650 μ.

261 1671 385 1732 Eadem
408 1670 488 1732 ratio
512 1671 679 1732 intercedit
700 1671 781 1731 inter
807 1665 961 1753 μεμηκώς
983 1677 1016 1730 et
1037 1665 1154 1751 μακών
1172 1672 1219 1750 (11
1235 1673 1300 1751 469

175 1797 196 1837 κ
222 1773 280 1852 163
304 1769 370 1836 κὰδ
392 1766 423 1834 ‹1'
449 1768 567 1836 ἔπεσεν
588 1770 626 1837 ἐν
641 1772 771 1854 κονίησι
788 1766 916 1854 μακών)
936 1779 1031 1850 atque
1053 1770 1135 1831 inter
1152 1769 1300 1855 λεληκοίς

176 1882 209 1938 et
231 1871 322 1939 λάκε.

298 1969 436 2058 (ἀμφι)
459 1974 608 2056 μέμυκε

303 2099 324 2139 κ
347 2091 407 2155 227
428 2082 473 2122 '—-
496 2071 646 2138 δάπεδον
670 2068 700 2137 δ’
726 2064 817 2137 άπαν
840 2067 1068 2156 ἀμφιμέμυκεν

421 2172 577 2260 μεμυκοίς
813 2247 816 2253 ,
875 2176 878 2181 ⁴

302 2283 337 2344 Σ
359 2282 420 2358 580
441 2276 589 2361 (ταῦρος)
613 2274 632 2342 ὁ
656 2276 693 2341 δὲ
715 2274 825 2359 μακρά
847 2299 878 2359 μ.
902 2276 993 2337 simil.
1019 2280 1049 2340 Φ
1073 2291 1142 2356 237.

303 2403 325 2463 μ
350 2392 423 2458 395:
447 2377 528 2462 κρέα
551 2373 582 2443 δ’
608 2372 690 2461 ἀμφ’
716 2371 847 2456 ὀβελοῖς
868 2373 1021 2460 ἐμεμύκει

345 2481 429 2543 med.
454 2475 573 2543 ἁδινὸν
594 2474 788 2561 μυκα’μεναι
811 2477 847 2559 (κ
869 2478 946 2560 413)
968 2507 1009 2529 =
1030 2475 1190 2562 μεμυκώς.

303 2584 551 2665 τετριγῶτας

303 2686 334 2749 Β
356 2700 419 2762 314
440 2717 483 2728 -
504 2679 669 2768 κατήσθιε
691 2687 896 2765 τετριγάτας

301 2797 488 2868 τετριγυῖαι
516 2788 547 2849 Ψ
569 2797 626 2845 101
654 2779 773 2868 (ψυχή)
797 2776 904 2866 ρ”χετο
927 2808 955 2848 τ.
979 2785 1062 2847 simil
1084 2809 1120 2859 οι,
1143 2805 1164 2866 9

303 2888 447 2969 τετρίγει
475 2890 506 2951 Ψ
524 2900 587 2965 714
1216 2871 1233 2963 J

175 2989 308 3071 perfecti
339 2990 428 3051 notio
459 2990 515 3050 vix
537 3008 556 3049 a
578 2987 710 3050 notione
740 2989 918 3068 praesentis
942 2989 1159 3052 dissencio>
1184 3003 1217 3070 5:
1241 2991 1297 3054 ταὶ

176 3089 214 3155 δὲ
237 3092 408 3172 τρίζουσαι
430 3086 563 3154 ἕποντο.

305 3186 551 3275 ἀμφιαχυῖαν
736 3245 737 3248 ,

303 3296 334 3359 Β
343 3293 417 3372 316:
434 3289 497 3377 τὴν
508 3287 540 3355 δ’
553 3288 781 3376 ἐλελιξάμενος
788 3294 953 3377 πτέρυγος
967 3291 1069 3374 λάβεν
1085 3289 1296 3380 ἀμφιαχυῖαν.

252 3392 337 3457 :Sola
359 3394 540 3456 terminatio
563 3393 655 3456 huius
678 3392 802 3456 formae
831 3396 873 3456 ad
891 3394 1069 3475 perfectum
1096 3398 1241 3477 pertinet,
1264 3406 1299 3459 ut

174 3497 232 3558 v'ix
254 3517 314 3577 pro
337 3505 425 3558 recto
453 3496 602 3575 iustoque
629 3493 772 3575 perfecto
799 3495 911 3558 haberi
939 3500 1051 3578 possit
1096 3495 1234 3580 ἰάχουσα
1257 3498 1301 3580 (Ε

177 3599 249 3677 343)
268 3597 363 3678 plane
381 3599 467 3659 idem
485 3596 571 3658 valet
589 3604 686 3676 atque
704 3590 892 3680 ἀμφιαχυῖα.
933 3600 1034 3661 Porro
1052 3599 1114 3662 huc
1133 3600 1300 3663 reserenda

176 3719 248 3762 esse
269 3698 418 3760 videntur
433 3697 582 3779 nonnulla¹
603 3696 753 3779 perfecta,
776 3720 859 3779 quae
882 3709 989 3763 motus
1012 3703 1171 3781 quosdam
1194 3722 1300 3764 rerum

176 3800 363 3881 significant,
386 3801 459 3880 „qui
481 3822 543 3862 uno
566 3810 679 3863 tenore
697 3798 807 3863 oculos
826 3803 965 3864 crebrius
989 3803 1129 3867 feriunt“.
1166 3804 1219 3867 Ex
1236 3804 1301 3869 hoc

173 3918 294 3983 genere
313 3910 386 3964 sunt
404 3902 579 3977 „vocabula
601 3902 679 3963 lucis
702 3909 735 3962 et
753 3898 902 3983 fulgoris“
921 3904 1068 3984 (Lobeck
1086 3906 1177 3968 elem.
1192 3906 1207 3968 Ι
1220 3908 1301 3987 173).
