2940 4566
617 316 827 381 -51.-

163 471 269 533 habeo
292 472 419 552 aliquid,
442 482 476 535 ut
499 493 557 534 nos
580 492 707 553 quoque
729 474 875 538 dicimus:
897 472 966 548 „ich
987 474 1073 536 habe
1091 485 1190 538 etwas
1213 497 1283 539 ver·

163 573 314 654 borgen“.
351 575 405 635 Ex
426 595 488 654 qua
509 563 642 637 notione
664 576 859 638 condicionis
875 585 1039 656 statusque
1062 576 1155 653 facile·
1169 599 1280 642 sensus

65 753 69 760 1
162 675 322 756 perfectae
350 679 483 739 actionis
514 697 662 740 emanare
693 679 805 758 potuit,
836 680 924 758 quod
946 680 979 740 id
1010 682 1097 760 quod
1131 680 1281 745 effectum

164 787 212 840 est
226 814 268 822 —
286 780 505 842 condicionem
526 780 598 842 dico
615 815 658 824 -
675 780 883 860 adpraesens
906 789 1033 862 tempus
1049 791 1182 863 spectat.
1214 781 1281 847 Sed

163 880 270 941 sentiri
291 883 398 961 potius
421 901 517 961 quam
541 882 752 943 demonstrari
775 880 918 944 dilucidis
937 884 1044 944 verbis
1062 893 1178 964 potest,
1201 905 1280 965 quo·

163 983 263 1043 modo
286 1002 347 1043 una
369 966 459 1044 notio
491 1004 533 1046 ex
555 982 654 1045 altera
684 971 847 1063 prodierit.
891 983 1044 1046 Fortasse
1076 988 1160 1047 enim
1191 990 1280 1067 quasi

163 1084 301 1145 mediam
324 1085 431 1165 posuit
445 1085 550 1166 lingua
567 1087 734 1146 notionem
752 1085 819 1146 veri
841 1083 974 1166 perlecti
996 1087 1078 1148 inter
1100 1087 1279 1168 simplicem

100 1234 103 1238 ,
163 1187 326 1248 notionem
344 1187 475 1247 actionis
495 1195 527 1248 et
549 1195 674 1257 auctam
696 1185 784 1248 illam
807 1188 848 1249 ad
874 1188 1096 1250 condicionem
1118 1191 1279 1268 quandam

162 1289 381 1373 pertinentem.
433 1286 467 1350 Si
490 1288 573 1350 enim
596 1283 861 1358 valebatxao'doo
887 1312 920 1352 τι
943 1318 984 1339 =
1004 1288 1129 1351 occulto
1160 1289 1279 1370 aliquid

163 1393 245 1464 (una
267 1391 359 1468 actio)
383 1398 415 1452 et
433 1387 578 1455 κέκευθά
597 1414 629 1454 τι
648 1390 809 1451 occultum
826 1390 932 1452 habeo
950 1391 1068 1470 aliquid
1088 1394 1243 1469 (condicio
1252 1395 1279 1472 l),

162 1489 261 1565 facile,
287 1493 319 1552 ni
341 1490 440 1570 fallor,
470 1492 691 1554 intermediam
715 1494 878 1553 notionem
901 1491 1023 1572 fingere
1046 1493 1150 1572 potuit
1172 1493 1280 1574 lingua

161 1597 414 1657 :occultavi
470 1594 568 1676 Quod
600 1596 625 1656 si
657 1596 726 1674 quis
757 1592 893 1673 aliquam
926 1614 992 1656 rem
1025 1595 1278 1670 occultaverit,

161 1716 246 1758 nova
275 1698 434 1777 quaedam
463 1698 607 1759 condicio
639 1697 780 1760 efficitur.
824 1697 877 1757 Ex
909 1718 973 1777 quo
1004 1708 1149 1779 apparet,
1172 1700 1279 1760 condi·

162 1801 288 1860 cionem
318 1820 337 1860 a
373 1797 512 1880 perlecta
544 1801 669 1860 actione
700 1797 841 1860 Graecos
872 1799 960 1860 initio
991 1819 1056 1860 non
1092 1801 1279 1876 seiunxisse;

162 1903 249 1981 quod
280 1911 387 1964 autem
416 1900 577 1982 paullatim
608 1900 683 1962 nihil
715 1901 805 1979 aliud
828 1901 886 1960 nisi
914 1898 1090 1980 perlectam
1120 1904 1279 1964 actionem

161 2002 305 2084 perfecto
328 2007 519 2085 exprimunt,
549 2024 588 2065 eo
611 2002 730 2065 factum
760 2023 830 2065 esse
853 1989 985 2077 videtur,
1017 2005 1105 2093 quod
1137 2004 1279 2066 medium

162 2107 313 2186 quiddam
332 2109 414 2168 inter
431 2126 581 2187 praesens
603 2108 644 2166 ad
666 2104 847 2166 inchoatam
867 2105 1025 2167 actionem
1048 2115 1080 2167 et
1102 2105 1280 2186 perfectum

161 2209 203 2269 ad
226 2209 445 2270 condicionem
468 2207 519 2269 illa
537 2210 662 2269 actione
685 2206 832 2268 effectam
853 2207 1014 2286 pertinens
1033 2227 1154 2287 ponere
1172 2209 1279 2270 stude-

123 2294 127 2298 *
160 2311 246 2374 bant.
287 2310 385 2392 Quod
412 2331 509 2391 quum
527 2311 685 2389 antiquius
705 2330 776 2371 esse
793 2311 897 2390 primo
916 2310 1030 2371 obtutu
1050 2308 1115 2371 sere
1133 2310 1279 2372 videatur

161 2433 257 2493 quam
279 2415 367 2474 notio
391 2413 593 2487 condicionis,
616 2413 730 2473 doctos
753 2413 846 2485 viros,
869 2431 949 2490 quos
968 2431 1063 2492 supra
1082 2414 1278 2474 enumeravi-

161 2535 231 2575 mus
255 2520 293 2595 (p.
314 2516 375 2595 27),
397 2516 441 2576 ita
463 2514 600 2588 fallebat,
625 2522 659 2574 ut
681 2515 844 2575 notionem
867 2514 1062 2574 condicionis
1084 2533 1212 2595 semper
1235 2534 1278 2576 ex

160 2619 290 2679 notione
312 2617 471 2699 perfectae
493 2618 628 2679 actionis
646 2616 823 2696 proiectam
841 2635 912 2677 esse
934 2624 1117 2701 statuerent
1155 2617 1277 2679 Verum

160 2722 205 2781 sic
226 2721 334 2801 potius
352 2721 601 2781 existimandum
620 2738 690 2780 esse
709 2719 842 2791 videtur,
865 2720 931 2779 veri
948 2718 1080 2798 perlecti
1102 2720 1277 2793 notionem,

160 2823 192 2882 id
211 2831 259 2884 est
277 2825 318 2884 ad
336 2820 510 2902 perlectam
529 2823 687 2882 actionem
706 2821 887 2901 spectantis,
898 2820 1046 2881 effectam
1061 2839 1132 2881 esse
1147 2820 1277 2895 ratione,

160 2944 240 3004 quae
262 2925 481 2986 intercedebat
503 2925 584 2985 inter
605 2943 755 3003 praesens
778 2931 890 3002 utpote
912 2922 1071 2983 actionem
1094 2921 1277 2983 inchoatam

160 3025 341 3106 significans
364 3035 396 3087 et
418 3025 594 3108 perlectum
618 3025 735 3104 quippe
758 3025 846 3104 quod
872 3025 913 3086 ad
937 3025 1157 3085 condicionem
1180 3043 1277 3102 quan·

160 3130 235 3190 dam
258 3132 394 3210 primum
417 3131 597 3210 pertineret.
642 3126 790 3206 Namque
813 3126 920 3205 lingua
937 3144 1038 3186 novas
1060 3127 1190 3203 formas
1211 3128 1277 3205 qui·

160 3231 218 3292 bus
241 3251 345 3292 novae
367 3234 585 3312 exprimantur
606 3231 765 3307 notiones,
792 3229 951 3290 rarissime
972 3227 1147 3308 progignit3
1174 3247 1277 3307 neque

60 3373 63 3378 -
159 3333 267 3413 lingua
277 3335 384 3395 statim
394 3333 435 3395 ab
451 3334 539 3395 initio
558 3331 692 3394 exculta·
705 3330 761 3393 luit
779 3339 873 3410 atque
890 3333 931 3392 ad
951 3349 1062 3391 omnes
1080 3350 1131 3391 res
1149 3330 1276 3405 idonea;

160 3437 259 3496 immo
290 3437 388 3498 menti
419 3438 508 3514 quasi
540 3435 722 3496 luctandum
754 3441 821 3495 erat
853 3452 926 3494 cum
953 3433 1091 3504 materia,
1123 3451 1219 3510 quam
1242 3440 1276 3493 ut

159 3540 299 3599 vinceret
321 3547 416 3618 atque
438 3539 469 3598 in
491 3546 682 3618 potestatem
701 3556 791 3598 suam
814 3536 973 3615 redigeret
996 3536 1026 3594 in
1049 3534 1198 3593 omnibus
1220 3533 1276 3595 lin·

159 3640 229 3721 guis
252 3660 316 3700 non
338 3660 449 3720 parem
480 3642 511 3700 in
535 3640 668 3700 modum
701 3639 834 3718 contigit
865 3636 995 3716 (Floeck
1025 3636 1066 3696 de
1092 3643 1274 3716 temporum

159 3745 281 3805 ratione
312 3743 402 3804 verbi
432 3742 538 3823 graeci
571 3750 602 3802 et
641 3741 726 3802 latini
757 3738 857 3801 Confi.
901 3741 987 3817 1852.
1020 3749 1054 3813 40
1086 3758 1115 3817 p.
1148 3739 1186 3817 7),
1217 3739 1275 3799 sed

159 3842 269 3905 formis
285 3865 366 3925 quae
390 3845 453 3905 iam
472 3852 589 3917 extant,
611 3863 715 3905 novae
733 3842 879 3903 notiones
899 3840 1110 3913 subiiciuntur,
1129 3849 1273 3920 respecta

160 3948 300 4008 maxime
323 3947 458 4024 ratione,
486 3967 568 4026 quae
599 3946 679 4008 inter
701 3944 840 4025 singulas
863 3942 982 4005 formas
1004 3941 1178 4004 intercedit.
1222 3939 1275 4003 Sic

770 4051 777 4068 ι
1030 4042 1071 4106 4*
