2940 4566
240 1305 439 1394 Dialectum
462 1329 658 1390 homericam
681 1349 745 1388 non
768 1349 865 1409 posse
887 1314 1140 1410 plane'describi
1159 1331 1217 1391 nisi
1236 1331 1276 1392 ad

158 1453 253 1494 unam
285 1430 433 1491 omnibus
473 1429 583 1490 formis
624 1429 839 1506 subtilissime⁸
866 1432 1044 1511 congestis,
1079 1432 1278 1506 enumeratis,

158 1534 337 1606 enucleatis
361 1551 457 1592 nemo
481 1531 587 1592 nescit.
634 1530 706 1612 Qua
729 1532 923 1611 cogitatione
941 1541 1107 1613 permotus
1125 1542 1199 1594 ante
1216 1533 1276 1595 hos

157 1644 221 1696 tres
256 1654 355 1695 annos
388 1633 419 1693 id
453 1633 594 1693 maxime
617 1633 683 1712 egi,
715 1642 764 1706 ut,
797 1635 889 1712 quale
923 1634 963 1695 sit
992 1634 1169 1715 perfectum
1191 1639 1276 1716 apud

157 1736 345 1809 Homerum,
368 1735 579 1813 exquirerem.
621 1732 729 1814 Quum
745 1754 822 1796 vero
837 1736 956 1797 interea
974 1734 1132 1815 Georgius
1151 1734 1276 1798 Curtius

156 1837 187 1897 in
223 1837 322 1898 altera
359 1844 449 1916 parte
484 1834 554 1895 libri
590 1835 650 1909 sui,
690 1836 743 1914 qui
775 1835 954 1897 inscribitur
989 1839 1046 1905 das
1081 1837 1277 1916 griechische

158 1939 293 2000 verbum
317 1938 413 2018 (Lips.
432 1938 608 2017 1873—76)
632 1939 673 1997 de
695 1936 838 2016 perlecto
857 1957 974 2017 graeco
993 1939 1151 2000 uberrime
1167 1940 1277 2018 egerit,

156 2024 248 2100 liceat
272 2058 353 2099 nunc
376 2039 464 2114 mihi,
488 2037 654 2098 nonnullas
677 2059 738 2112 reS,
762 2056 853 2117 quae·
868 2039 897 2098 in
920 2038 973 2100 illo
995 2038 1078 2100 libro
1101 2049 1213 2127 utpote
1235 2043 1276 2102 ad

157 2160 270 2200 omnes
293 2159 427 2219 graecae
449 2137 576 2218 linguae
599 2147 720 2200 aetates
743 2147 908 2219 spectante
936 2139 1061 2201 brevius
1084 2150 1276 2221 pertractan-

157 2243 325 2314 daeerant,
344 2241 374 2300 in
390 2240 608 2319 quaestionem
625 2260 748 2302 vocare.
778 2241 985 2303 Homericam
1005 2243 1088 2302 enirn
1107 2242 1277 2304 dialectum

156 2343 296 2404 maxime
319 2343 535 2422 respiciemus,
1080 2326 1082 2329 ⁵

616 2515 818 2522 -—.——..

523 2642 698 2728 ἕώργει,
728 2641 908 2728 εἰοίργει

244 2783 370 2844 duobus
393 2790 484 2843 extat
506 2781 600 2843 locis:

157 2901 249 2980 <5693
282 2910 395 2974 κεῖνος
425 2892 502 2963 <lori
532 2921 616 2962 nota
640 2895 780 2981 πάμπαν
808 2893 1004 2964 ἀτάσθαλον
1026 2894 1133 2982 ἄνδρα
1160 2898 1275 2985 ἐώργει

157 3007 174 3080 ξ
190 3003 252 3080 289
271 2995 424 3084 τρώκτης
442 2993 479 3076 ὃς
497 2998 539 3085 δὴ
557 2997 665 3064 πολλὰ
689 2994 761 3062 κάκ’
783 2994 992 3082 ἀνθρώπους
1014 2997 1152 3085 εἰα’ργει.
1184 3002 1276 3065 Alter

156 3104 243 3164 locus
268 3102 362 3180 <5693
388 3100 462 3162 nihil
489 3101 611 3163 habere
637 3101 763 3163 videtur
786 3100 979 3163 difficultatis
1003 3123 1113 3181 quum,
1145 3113 1179 3165 ut
1202 3105 1275 3166 fecit

157 3205 336 3280 Bekkerus‚
369 3201 462 3263 scribi
485 3203 588 3282 possit
616 3196 723 3285 ἄνδρα
756 3195 930 3287 feforipyat.
976 3203 1145 3285 Perspecta
1167 3214 1275 3266 autem

157 3305 291 3380 ratione,
319 3326 381 3384 qua
408 3304 477 3366 sola
498 3300 643 3388 rotem„
658 3305 684 3364 si
706 3314 793 3367 recta
816 3313 864 3367 est
887 3303 1004 3383 forma,
1030 3310 1180 3367 'exortum
1204 3325 1275 3368 esse

156 3412 281 3487 potest,
313 3407 477 3486 digamma
504 3404 589 3467 nullo
617 3408 716 3467 modo
743 3408 819 3487 poni
846 3406 950 3480 licere,
982 3392 1122 3487 apparet.
1168 3406 1274 3488 Quam

157 3506 293 3569 sormam
317 3505 456 3586 explicat
473 3507 675 3587 Brugmanus
698 3505 794 3586 (Curt.
809 3509 892 3569 stud.
903 3507 950 3569 IV
973 3509 1041 3587 167)
1065 3528 1163 3587 quum
1187 3509 1275 3587 quod

157 3617 230 3670 ante
259 3609 459 3688 disputarunt
487 3610 528 3669 de
554 3608 617 3668 hoc
643 3607 783 3688 perfecto
806 3607 949 3682 Ebelius‚
982 3608 1035 3687 qui
1062 3611 1183 3690 primus
1206 3608 1286 3671 om?

157 3711 243 3771 nium
274 3709 356 3770 hanc
388 3729 456 3770 rem
489 3710 519 3770 in
551 3711 771 3789 quaestionem
801 3718 896 3771 vocat
926 3711 1052 3790 (Kuhn,
1083 3711 1204 3775 Ztschr.
1227 3710 1273 3773 lV

161 3811 214 3870 161
228 3811 336 3890 —171)
360 3817 392 3870 et
414 3809 550 3872 Sonnius
574 3811 694 3890 (Kuhn,
717 3812 837 3874 Ztschr.
862 3811 937 3874 Xlll
958 3813 1031 3891 443)
1054 3832 1118 3873 non
1142 3833 1183 3873 ex
1206 3833 1274 3874 orn·

1031 3911 1072 3963 1*
