2940 4566
622 327 835 386 ,41-

172 473 360 562 μάχηνοιιτη
371 483 401 543 Ε
410 495 426 557 3
432 492 466 557 51
477 504 484 540 ι
495 475 641 562 ῥιγήσειν
653 474 803 562 πόλεμόν
811 504 856 564 γε.
881 480 949 545 Nec
959 490 1068 545 tamen
1077 483 1171 565 plane
1181 485 1295 546 eadem

173 587 230 641 est.
253 579 410 641 Futurum
420 581 505 642 enim
514 575 639 665 ῥιγήσον
649 589 682 642 et
691 580 989 666 aoristusippr'ynou
1000 586 1041 646 de
1055 592 1143 646 certo
1154 582 1239 646 sacro
1251 586 1296 647 di-

171 688 260 742 ctum
269 689 326 756 est,
338 681 436 761 quod,
448 699 546 760 quum
556 681 720 761 adspiciat,
731 680 842 762 aliquis
851 683 968 745 horret.
994 683 1102 766 Quare
1110 685 1297 766 saepissime

170 784 316 844 additum
350 790 399 844 est
429 782 629 863 participium
662 777 746 846 ίδοίν
778 784 816 845 ci.
844 785 869 847 Δ
893 799 956 865 279
988 783 1120 870 ῥίγησέν
1148 810 1186 852 τε
1213 784 1297 852 ἰδών

171 882 263 949 simil.
294 888 325 948 Ε
353 885 422 963 596.
451 887 493 948 M
516 886 586 958 208,
616 882 794 964 perfectum
825 882 938 969 ἔρριγα
968 888 1128 968 significat
1157 889 1297 952 horreo
1349 963 1351 968 ,

171 1005 231 1068 pro
253 1005 324 1047 mea
346 993 467 1047 natura.
508 985 657 1066 Apparet
675 986 769 1066 igitur
785 1007 851 1047 non
872 987 967 1068 plane
985 991 1103 1051 eodem
1121 1010 1214 1054 sensu
1231 992 1297 1053 dic·

172 1095 241 1149 tum
272 1106 343 1148 esse
375 1091 405 1151 P
427 1098 483 1166 175
514 1079 577 1151 οὔκ
604 1083 718 1170 ἔρριγα
749 1083 859 1172 μάχην
891 1097 988 1169 atque
1014 1094 1045 1154 Ε
1072 1103 1129 1169 351
1164 1089 1297 1176 ῥίγησεν

171 1184 322 1272 πόλεμόν
343 1211 388 1271 γε.
425 1187 506 1250 Illud
522 1189 606 1250 enirn
625 1187 796 1268 significat:
825 1189 967 1253 Omnino
985 1212 1050 1253 non
1066 1192 1191 1265 horreo,
1215 1213 1297 1272 quae

173 1291 328 1352 estvirtus
348 1309 427 1363 mea,
447 1288 577 1364 bellum3
600 1309 700 1369 quum
717 1289 789 1353 huic
807 1294 1014 1370 enuntiationi
1036 1289 1182 1378 ῥιγήσειν
1199 1289 1296 1358 πόλε-

171 1387 237 1473 μόν
258 1413 295 1469 γε
322 1391 482 1453 adiectum
511 1390 553 1452 sit
583 1391 639 1454 καὶ
670 1385 728 1472 εἶχ’
750 1387 896 1475 ἔτέροοθι
920 1390 1064 1478 πύθηαι,
1090 1403 1125 1456 ut
1151 1390 1297 1479 ῥιγήσειν

172 1493 214 1554 ad
241 1500 363 1554 certum
386 1494 552 1572 quoddam
584 1490 702 1555 sactum
724 1495 883 1574 pertinere
901 1494 1107 1557 manifestum
1128 1495 1177 1560 sit.
1218 1492 1297 1576 Spe-

173 1601 260 1655 ctant
282 1594 378 1673 igitur
399 1591 521 1656 formae
543 1593 635 1656 huius
658 1594 749 1656 verbi
767 1595 1016 1677 reduplicatione
1034 1615 1109 1658 non
1126 1597 1297 1659 instructae

173 1695 214 1756 ad
238 1703 360 1756 certum
387 1703 523 1775 tempuS,
551 1714 615 1775 quo
638 1703 762 1757 certum
789 1698 954 1775 quoddam
982 1696 1109 1772 factum,
1137 1697 1224 1777 quod
1247 1704 1296 1759 est

173 1796 379 1872 horrendum,
407 1797 505 1859 oculis
532 1798 729 1872 subiiciatur;
760 1798 939 1879 perfectum
962 1801 1003 1861 ad
1026 1800 1296 1869 condicionem

173 1898 265 1961 animi
288 1918 416 1979 semper
439 1900 599 1979 quandam
630 1919 699 1960 rem
726 1899 897 1975 horrentis;
929 1920 1011 1980 quae
1041 1903 1133 1981 quasi
1164 1920 1206 1963 ex
1234 1902 1295 1962 sin-

173 1998 256 2080 gulis
277 2000 403 2082 punctis
425 2001 580 2082 temporis
602 2002 790 2063 continetur.
828 1999 953 2082 Quibus
975 2003 1152 2083 perspectis
1175 2001 1296 2085 ἐρρίγει

172 2117 200 2182 ap
223 2097 293 2176 216,
324 2103 413 2181 quod
440 2101 521 2163 sitne
543 2101 765 2182 imperfectum
789 2103 967 2165 derivatum
989 2124 1008 2166 a
1030 2100 1129 2188 ῥιγέω
1152 2124 1193 2166 an
1209 2101 1296 2184 plus-

174 2202 448 2285 quamperfectum
472 2201 599 2266 Curtius
622 2224 687 2266 non
710 2205 861 2266 diiudicat
888 2204 998 2285 (Verb.
1022 2205 1036 2265 1
1059 2207 1131 2285 377)
1155 2224 1214 2286 pro
1237 2207 1295 2265 im·

174 2303 316 2386 perfecto
339 2313 473 2386 propter
499 2307 665 2367 notionem
691 2306 876 2368 habendum
899 2326 971 2368 esse
988 2307 1126 2368 videtur:
1151 2304 1215 2369 αἰεὶ
1233 2301 1295 2389 γάρ

173 2426 231 2488 μοι
257 2403 367 2489 θυμὸς
388 2406 438 2472 ἐνὶ
461 2403 618 2489 στήθεσσι
641 2409 788 2487 φίλοισιν
817 2407 940 2491 ἐρρίγει
961 2404 1005 2492 μή
1028 2408 1080 2483 τίς
1104 2430 1144 2491 με
1162 2409 1296 2491 βροτῶν

175 2502 346 2587 ἀπάφοιτο
363 2504 507 2587 ἔπεσσιν.
541 2507 639 2589 Quod
659 2509 742 2570 enim
761 2509 852 2571 timet
870 2508 1039 2589 Penelope,
1058 2529 1098 2571 ne
1114 2509 1296 2590 decipiatur,

174 2629 239 2670 non
269 2610 310 2671 ad
343 2611 447 2690 ipsam
477 2611 543 2673 eius
565 2618 711 2671 naturam
733 2610 878 2690 pertinet,
908 2612 966 2672 scd
988 2612 1088 2686 timet,
1121 2610 1296 2689 quodiam

175 2712 300 2793 saepius
323 2714 459 2793 decepta
482 2719 538 2775 est.

302 2815 516 2897 πεφρίκασι

304 2918 334 2981 Λ
358 2916 416 2994 383
442 2911 477 2981 οί
497 2905 535 2978 τί
555 2931 591 2978 σε
617 2916 797 2997 πεφρίκασι
819 2908 937 2979 ίίεόνθ>
970 2904 1017 2989 ῥίς
1037 2909 1186 2996 μηκάδες
1206 2901 1297 2995 αἶγες

441 3023 636 3099 πεφρικυῖαι

303 3118 328 3181 Δ
352 3120 413 3180 282
437 3115 634 3203 (φάλαγγες)
665 3114 803 3183 κυάνεαι
830 3115 964 3183 σάκεσίν
990 3139 1028 3180 τε
1054 3116 1110 3180 καὶ
1133 3113 1241 3199 ἔγχεσι
1262 3137 1295 3180 π.

442 3219 534 3283 simil.
557 3225 593 3287 H
610 3222 650 3282 62
675 3218 797 3303 (στίχες
814 3254 857 3265 -
874 3216 979 3302 ἔγχεσι
1001 3219 1051 3301 π.)

261 3323 392 3405 Proprie
425 3325 486 3385 dici
518 3324 579 3386 hoc
601 3323 735 3386 verbum
767 3324 809 3385 de
836 3324 941 3404 prima
970 3322 1065 3384 maris
1091 3319 1296 3382 undulatione

174 3424 268 3506 plane
296 3425 411 3508 placidi
433 3433 526 3489 antea
562 3433 659 3504 atque
689 3425 856 3506 tranquilli,
887 3425 1053 3487 exoriente
1082 3428 1197 3499 vent0,
1233 3422 1296 3482 iam

175 3527 254 3589 vidit
277 3527 483 3591 Aristarchus
506 3526 544 3589 cs.
565 3526 664 3588 schol.
689 3531 719 3591 Φ
741 3529 801 3589 126
815 3523 894 3591 -ὁ
918 3526 954 3591 δὲ
972 3521 1113 3608 ποιητής
1131 3516 1296 3588 οὐδέποτε

176 3630 298 3712 φρίκην
315 3627 356 3693 τὸ
375 3625 482 3712 ψύχος
500 3627 640 3713 ε’ίρηκεν,
663 3622 747 3693 ἀλλὰ
768 3627 809 3694 τὸ
825 3628 862 3693 ἔκ
880 3623 1025 3712 γαλήνης
1047 3629 1187 3708 πρῶτον
1208 3627 1297 3707 ἔξορ-

175 3728 349 3814 θούμενον
371 3735 468 3814 κῦμα.
513 3731 612 3814 „wolfi
633 3750 698 3791 non
725 3738 774 3791 est
796 3727 903 3808 frigus
930 3729 989 3790 sed
1013 3727 1107 3788 maris
1131 3726 1297 3788 exoriente

176 3841 274 3894 vento
308 3833 395 3895 citati
425 3833 557 3894 horror“
588 3831 702 3911 (Lehrs
732 3830 847 3893 Arist.²
873 3850 903 3911 p.
934 3829 993 3911 89).
1037 3827 1122 3890 Turn
1152 3827 1193 3889 de
1220 3845 1295 3907 qua-

85 3974 89 3980 ·
175 3954 300 4015 cunque
318 3955 352 3997 re
369 3935 498 3996 horrida
516 3935 630 3997 dicitur
648 3943 682 3996 ut
699 3937 736 3998 N
746 3948 807 4014 473
827 3933 912 4014 (σῦς)
931 3933 1059 4016 φρίσσει
1079 3929 1116 3993 δέ
1132 3951 1168 3993 τε
1184 3932 1298 3993 νάιον
