2940 4566
651 291 859 354 -30-

192 444 353 518 videmus;
380 454 453 506 sunt
481 465 515 506 re
541 465 617 506 vera
643 447 833 525 praesentia,
860 467 879 507 e
906 445 1021 526 quibus
1055 447 1196 507 nondum
1228 467 1313 508 ema-

193 548 314 608 naverit
333 549 422 609 notio
438 546 601 626 perfectae
616 549 759 608 actionis.
788 547 870 625 Huc,
885 557 918 609 ut
933 547 1101 609 afferamus
1119 549 1315 628 exemplum,

194 658 280 710 certe
295 651 432 729 pertinet
450 642 640 731 πεπότημαι
653 649 762 728 (1390),
772 649 861 729 quod
877 670 941 710 non
957 648 1114 729 significat
1126 641 1241 711 ¹volare
1256 651 1322 719 sed,

192 761 261 812 tum
284 751 346 811 huc
367 758 435 811 tum
460 748 531 811 illuc
553 751 695 824 volitare,
717 763 881 833 μεμακοῑα
905 751 941 831 (Δ
963 752 1047 830 435).
1091 751 1205 831 Neque
1227 760 1314 813 vete-

193 873 243 913 res
267 855 496 932 grammaticos
519 852 600 913 hanc
622 852 687 912 vim
712 854 911 932 repetitionis
934 852 1200 932 frequentativam
1224 873 1314 933 prae·
1390 883 1392 886 ⁴

193 957 326 1027 teriisse,
354 955 554 1027 testimoniis
582 973 664 1032 quae
690 953 782 1015 affert
810 953 991 1016 Lobeckius
1019 954 1131 1034 (Elem.
1154 956 1168 1016 Ι
1189 976 1220 1035 p.
1247 957 1315 1032 176.

199 1056 277 1135 177),
295 1057 534 1116 demonstratur
553 1055 696 1134 (Dionys,
714 1056 756 1116 de
774 1075 880 1136 comp.
900 1056 981 1129 XV„
1003 1071 1070 1117 100.
1093 1055 1314 1136 ScholApoll.

195 1159 300 1220 Rhod.
323 1157 373 1232 Ill,
395 1172 467 1237 453.
494 1173 585 1236 1013:
616 1155 751 1241 προπρὸ
784 1152 816 1220 δ’
842 1153 1107 1244 ἀφειδήσασα-
1129 1156 1314 1243 {proavum}
1362 1170 1391 1194 ²

193 1257 213 1345 ἦ
240 1260 510 1334 ἐπαναδίπλωσις
539 1262 598 1344 τῆς
624 1259 821 1342 προθέσεως
850 1255 987 1352 προπρό
1072 1259 1224 1342 ἐμφαίνει
1251 1259 1314 1344 γὰρ

193 1365 321 1445 μᾶλλον
351 1359 391 1425 τὸ
422 1359 506 1444 parri
543 1361 691 1446 σπουδῆς
717 1363 772 1425 καὶ
803 1362 992 1445 προχείρως
1021 1364 1222 1446 γεγενῆσθαι
1252 1361 1315 1447 τὴν

194 1460 298 1527 ὸόσιν.
327 1468 362 1528 Ε.
373 1468 417 1528 M.
431 1481 499 1542 349,
512 1478 541 1542 5:
565 1460 597 1526 αἱ
616 1462 908 1547 ε’πισυατιθίμειαι
923 1465 1102 1547 προθέσεις
1118 1464 1316 1547 διεγείρουσι

192 1563 255 1650 τὴν
273 1562 422 1648 ἔμφασιν.
456 1564 580 1645 Quibus
598 1564 705 1626 verbis
725 1566 884 1646 descripta
902 1585 974 1627 esse
991 1568 1118 1627 videtur
1135 1569 1241 1627 notio
1261 1568 1314 1626 in-

147 1696 150 1701 ·
193 1669 354 1738 tensiva,
365 1687 446 1746 quae
461 1669 569 1728 nescio
587 1688 627 1728 an
646 1669 719 1728 insit
737 1669 767 1728 in
786 1666 935 1748 perfectis
949 1669 1079 1752 μέμηλε,
1090 1669 1250 1751 τέτλαμεν
1263 1668 1313 1747 al.)

279 1768 360 1831 Sunt
387 1790 463 1831 vero
491 1769 641 1850 perfecta,
673 1789 756 1849 quae
783 1791 856 1832 cum
884 1773 1016 1832 omnino
1043 1773 1135 1832 notio
1158 1773 1315 1833 intensiva

192 1873 233 1934 ab
257 1875 403 1935 iterativa
434 1875 464 1934 in
484 1872 607 1935 Graeca
630 1872 737 1952 lingua
762 1875 818 1933 vix
841 1875 944 1953 possit
967 1875 1119 1947 discerni,
1143 1883 1248 1934 utrum
1271 1874 1315 1934 in·
1362 1854 1371 1871 ⁶

192 1959 316 2035 tensiva
347 1995 387 2034 an
417 1977 563 2036 iterativa
588 1976 720 2036 notione
743 1977 895 2036 instructa
918 1977 991 2043 sint,
1021 1995 1081 2036 nos
1104 1976 1235 2054 quidem
1258 1977 1314 2036 vix

193 2078 577 2161 possumus-disceptare,
600 2085 636 2138 ut
655 2076 808 2160 μέμαμεν.

279 2179 363 2239 Tum
395 2180 436 2238 de
470 2180 506 2239 iis
537 2177 686 2259 perfectis
718 2180 881 2258 agendum
912 2180 983 2251 erit,
1020 2198 1103 2258 quae
1133 2181 1199 2239 veri
1226 2180 1314 2258 quod

194 2283 308 2344 dicitur
342 2280 474 2362 perfecti
507 2283 638 2342 notione
665 2283 776 2342 induta
804 2289 889 2354 sunt,
922 2282 954 2341 id
978 2289 1027 2341 est
1055 2301 1138 2360 quae
1169 2289 1317 2361 spectant

195 2383 236 2444 ad
262 2380 437 2463 perfectam
465 2390 497 2443 et
525 2382 708 2443 absolutam
736 2383 896 2443 actionem
924 2389 1021 2462 atque
1050 2384 1091 2443 ad
1114 2380 1211 2444 finem
1246 2402 1317 2462 per-

195 2486 341 2558 ductam;
386 2503 585 2564 quamquam
631 2484 743 2545 melius
784 2482 849 2545 fere
888 2504 947 2564 pro
988 2504 1108 2559 „vero
1148 2483 1318 2565 perfecto“

194 2588 393 2667 posterius
416 2585 594 2667 perfectum
617 2588 679 2648 dici
702 2594 818 2666 potest,
841 2588 960 2665 inquo
983 2606 1058 2647 usus
1077 2594 1125 2648 est
1143 2606 1219 2647 vere
1237 2595 1317 2647 tem·

194 2687 321 2769 poralis.

281 2789 431 2871 Apparet
453 2798 569 2863 autem,
592 2810 655 2851 non
680 2798 809 2869 repente
832 2798 887 2851 aut
909 2809 982 2850 uno
1006 2798 1153 2870 tempore
1175 2788 1317 2869 perfecta

195 2895 360 2955 notionem
394 2894 574 2971 praesentis
605 2890 760 2953 abiecisse
796 2892 1022 2971 accepisseque
1052 2893 1218 2953 notionem
1249 2893 1316 2952 veri

194 2994 342 3075 perfecti,
374 2996 431 3056 sed
464 2994 632 3074 paullatim
663 2994 726 3055 hoc
752 2993 869 3055 factum
901 3013 980 3055 esse.
1038 2993 1203 3054 Interdum
1231 2996 1316 3054 enim

195 3096 246 3158 vel
269 3099 300 3157 in
323 3116 399 3156 uno
423 3095 566 3176 perfecto
590 3097 678 3156 notio
707 3105 739 3157 et
769 3096 945 3176 praesentis
973 3103 1006 3156 et
1027 3096 1095 3156 veri
1117 3095 1248 3174 perfecti
1272 3096 1317 3154 in-

195 3199 327 3258 venitur.
373 3195 469 3258 Cuius
493 3200 538 3259 rei
560 3206 647 3258 certa
670 3196 820 3277 exempla
842 3196 1006 3258 afferenda
1028 3203 1109 3257 sunt.
1212 3255 1214 3259 ,

280 3299 418 3361 Restant
441 3301 578 3379 denique
600 3298 750 3380 perfecta,
774 3319 856 3378 quae
879 3297 1006 3376 longius
1024 3297 1193 3359 discedant
1216 3296 1257 3357 ab
1276 3315 1315 3358 eo

195 3422 313 3483 genere
345 3403 490 3480 actionis
522 3421 605 3481 quae
636 3402 838 3482 praesenti
870 3398 1073 3480 significatur.
1132 3399 1316 3460 Praesentia

196 3506 279 3566 enim
311 3505 463 3565 instructa
491 3513 565 3565 sunt
592 3505 723 3564 notione
750 3501 882 3564 actionis
910 3499 1044 3563 alterum
1075 3498 1251 3573 afficientis
1283 3500 1316 3560 id

196 3614 254 3682 est,
281 3608 307 3666 si
335 3607 380 3666 uti
408 3605 482 3667 licet
509 3605 620 3679 verb0,
648 3604 825 3677 transitiva;
855 3602 996 3683 perfecta
1023 3603 1154 3663 notione
1182 3602 1315 3661 actionis

195 3707 330 3769 alterum
358 3727 423 3767 non
449 3706 624 3781 afficientis
651 3715 685 3769 ut
708 3704 772 3767 fere
799 3714 902 3766 status
929 3706 1059 3785 quidam
1088 3711 1141 3764 aut
1169 3703 1315 3763 condicio

195 3811 233 3871 iis
255 3808 459 3888 significetur,
488 3817 522 3869 ut
551 3806 642 3872 ίλποε
665 3811 694 3886 (β
716 3808 768 3886 91)
792 3826 922 3887 sperare
952 3806 1056 3879 iube0,
1084 3802 1188 3868 ἔολπα
1211 3823 1315 3884 spero.

196 3911 288 3993 Quae
310 3931 455 3973 seorsum
478 3911 645 3971 tractanda
670 3917 752 3971 sunt.
